<div class="flex flex-wrap w-100 flex-grow-0 flex-shrink-0 ph2 pr0-xl pl4-xl mt0-xl" data-testid="item-stack"><div class="mb0 ph0-xl pt0-xl bb b--near-white w-25 pb3-m ph1"><div class="h-100 pr4-xl pb1-xl pv1 ph1" style="contain-intrinsic-size:198px 340px" io-id="PRD75MTVKXY4RJ4"><div role="group" data-item-id="PRD75MTVKXY4RJ4" class="sans-serif mid-gray relative flex flex-column w-100 hide-child-opacity"><a link-identifier="75MTVKXY4RJ4" class="w-100 h-100 z-1 hide-sibling-opacity  absolute" target="" href="/en/ip/Pringles-Mingles-Dill-Pickle-Ranch-Flavour-155g/75MTVKXY4RJ4?selectedSellerId=0&amp;from=/search"><span class="w_q67L">Pringles Mingles Dill Pickle &amp; Ranch Flavour 155g, PRG MNGLS CA DL PKL RCH PFD SNKS 155GMX6<!-- --> </span></a><div class="" data-testid="list-view"><div class=""><div class=""><div class="h2 relative nowrap mb2"></div><div class="relative"><div class="relative overflow-hidden" style="max-width:290px;height:0;padding-bottom:min(290px, 100%);align-self:center;width:min(290px, 100%)"><span><button type="button" class="bg-white pointer pa0 black bn mt1 mr1 pa1 br4 absolute top-0 right-0 z-2" data-automation-id="heart-item" aria-label="Add to Favourites list, Pringles Mingles Dill Pickle &amp; Ranch Flavour 155g, PRG MNGLS CA DL PKL RCH PFD SNKS 155GMX6" style="width: 32px; height: 32px;"><i class="ld ld-Heart  " aria-hidden="true" style="font-size: 1.5rem; vertical-align: -0.25em; padding-top: 1px; width: 1.5rem; height: 1.5rem; box-sizing: content-box;"></i></button></span><img loading="eager" src="https://i5.walmartimages.com/asr/16480dea-e306-4ca2-8175-ff8fb4fbaf8a.3840687426a25b793718b8a483d7a3c1.jpeg?odnHeight=580&amp;odnWidth=580&amp;odnBg=FFFFFF" id="is-0-productImage-0" width="" height="" class="absolute top-0 left-0" data-testid="productTileImage" alt="Pringles Mingles Dill Pickle &amp; Ranch Flavour 155g, PRG MNGLS CA DL PKL RCH PFD SNKS 155GMX6" style="height:100%;left:50%;top:50%;transform:translate(-50%, -50%);object-fit:contain"></div><div class="z-2 absolute bottom--1"><div class="relative dib" data-id="PRD75MTVKXY4RJ4"><button class="w_eEg0 w_OoNT w_4QgR pointer bn sans-serif b ph2 flex items-center justify-center w-auto shadow-1" type="button" data-pcss-hide="true" data-automation-id="add-to-cart" aria-label="Add to cart - Pringles Mingles Dill Pickle &amp; Ranch Flavour 155g, PRG MNGLS CA DL PKL RCH PFD SNKS 155GMX6"><i class="ld ld-Plus" style="font-size:1.5rem;vertical-align:-0.25em;width:1.5rem;height:1.5rem;box-sizing:content-box" title="add to cart"></i><span class="mr2">Add</span></button></div></div></div><div class="mt5 mb0" style="height:24px" data-testid="variant-PRD75MTVKXY4RJ4"><div class="flex items-center lh-title h2-l normal"><div class="gray f7 flex items-center "><div>Sponsored</div></div></div></div></div><div class=""><div data-automation-id="product-price" class="flex flex-wrap justify-start items-center lh-title mb1"><div class="mr1 mr2-xl b black lh-copy f5 f4-l" aria-hidden="true">$3.97</div><span class="w_q67L">current price $3.97</span><div class="gray mr1 f7 f6-l">$2.56/100g</div></div><div class="mb1 mt2 b f6 black mr1 lh-copy">Pringles</div><span class="w_vi_D" style="-webkit-line-clamp:3;padding-bottom:0em;margin-bottom:-0em"><span data-automation-id="product-title" class="normal dark-gray mb0 mt1 lh-title f6 f5-l lh-copy">Pringles Mingles Dill Pickle &amp; Ranch Flavour 155g, PRG MNGLS CA DL PKL RCH PFD SNKS 155GMX6</span></span><div class="flex items-center mt2"><span class="black inline-flex mr1" data-testid="product-ratings" data-value="4.0444"><i class="ld ld-StarFill" style="font-size:12px;vertical-align:-0.175em;width:12px;height:12px;box-sizing:content-box" aria-hidden="true"></i><i class="ld ld-StarFill" style="font-size:12px;vertical-align:-0.175em;width:12px;height:12px;box-sizing:content-box" aria-hidden="true"></i><i class="ld ld-StarFill" style="font-size:12px;vertical-align:-0.175em;width:12px;height:12px;box-sizing:content-box" aria-hidden="true"></i><i class="ld ld-StarFill" style="font-size:12px;vertical-align:-0.175em;width:12px;height:12px;box-sizing:content-box" aria-hidden="true"></i><i class="ld ld-Star" style="font-size:12px;vertical-align:-0.175em;width:12px;height:12px;box-sizing:content-box" aria-hidden="true"></i></span><span class="sans-serif gray f7" aria-hidden="true" data-testid="product-reviews" data-value="45">45</span><span class="w_q67L">4.0444 out of 5 stars. 45 reviews</span></div><div class="flex items-center mv2"><div class="f7 mr1 blue b lh-copy">Free Delivery with</div><img loading="lazy" class="flex" src="//i5.walmartimages.com/dfw/3ccc2d91-49dd/k2-_2dc6530f-2ead-40b6-8ec8-fedc1c0c8978.v1.png" alt="Walmart Plus" height="20" width="auto"></div><div class="mb2 mt2"><span class="w_q67L">Available for Pickup or Delivery tomorrow</span><span class="w_SrYk w_2ioM w_DNAl w_OAJ4 w_GNSW mr1 mt1 ph1" aria-hidden="true">Pickup</span><span class="w_SrYk w_2ioM w_DNAl w_OAJ4 w_GNSW mr1 mt1 ph1" aria-hidden="true">Delivery tomorrow</span></div></div></div></div></div></div></div><div class="mb0 ph0-xl pt0-xl bb b--near-white w-25 pb3-m ph1"><div class="h-100 pr4-xl pb1-xl pv1 ph1" style="contain-intrinsic-size:198px 340px" io-id="PRD5WYIUI6JACBL"><div role="group" data-item-id="PRD5WYIUI6JACBL" class="sans-serif mid-gray relative flex flex-column w-100 hide-child-opacity"><a link-identifier="5WYIUI6JACBL" class="w-100 h-100 z-1 hide-sibling-opacity  absolute" target="" href="/en/ip/Pringles-Mingles-Cheddar-Sour-Cream-Flavour-155g/5WYIUI6JACBL?selectedSellerId=0&amp;from=/search"><span class="w_q67L">Pringles Mingles Cheddar &amp; Sour Cream Flavour 155g, PRG MNGLS CA CHDR&amp;SRCRM PFD SNKS 155GMX6<!-- --> </span></a><div class="" data-testid="list-view"><div class=""><div class=""><div class="h2 relative nowrap mb2"></div><div class="relative"><div class="relative overflow-hidden" style="max-width:290px;height:0;padding-bottom:min(290px, 100%);align-self:center;width:min(290px, 100%)"><span><button type="button" class="bg-white pointer pa0 black bn mt1 mr1 pa1 br4 absolute top-0 right-0 z-2" data-automation-id="heart-item" aria-label="Add to Favourites list, Pringles Mingles Cheddar &amp; Sour Cream Flavour 155g, PRG MNGLS CA CHDR&amp;SRCRM PFD SNKS 155GMX6" style="width: 32px; height: 32px;"><i class="ld ld-Heart  " aria-hidden="true" style="font-size: 1.5rem; vertical-align: -0.25em; padding-top: 1px; width: 1.5rem; height: 1.5rem; box-sizing: content-box;"></i></button></span><img loading="eager" src="https://i5.walmartimages.com/asr/21c5112c-3c8a-4feb-b63b-249f5949228b.e89a6f92c4ed7add45c4c6dddd3ff72d.jpeg?odnHeight=580&amp;odnWidth=580&amp;odnBg=FFFFFF" id="is-0-productImage-1" width="" height="" class="absolute top-0 left-0" data-testid="productTileImage" alt="Pringles Mingles Cheddar &amp; Sour Cream Flavour 155g, PRG MNGLS CA CHDR&amp;SRCRM PFD SNKS 155GMX6" style="height:100%;left:50%;top:50%;transform:translate(-50%, -50%);object-fit:contain"></div><div class="z-2 absolute bottom--1"><div class="relative dib" data-id="PRD5WYIUI6JACBL"><button class="w_eEg0 w_OoNT w_4QgR pointer bn sans-serif b ph2 flex items-center justify-center w-auto shadow-1" type="button" data-pcss-hide="true" data-automation-id="add-to-cart" aria-label="Add to cart - Pringles Mingles Cheddar &amp; Sour Cream Flavour 155g, PRG MNGLS CA CHDR&amp;SRCRM PFD SNKS 155GMX6"><i class="ld ld-Plus" style="font-size:1.5rem;vertical-align:-0.25em;width:1.5rem;height:1.5rem;box-sizing:content-box" title="add to cart"></i><span class="mr2">Add</span></button></div></div></div><div class="mt5 mb0" style="height:24px" data-testid="variant-PRD5WYIUI6JACBL"><div class="flex items-center lh-title h2-l normal"><div class="gray f7 flex items-center "><div>Sponsored</div></div></div></div></div><div class=""><div data-automation-id="product-price" class="flex flex-wrap justify-start items-center lh-title mb1"><div class="mr1 mr2-xl b black lh-copy f5 f4-l" aria-hidden="true">$3.97</div><span class="w_q67L">current price $3.97</span><div class="gray mr1 f7 f6-l">$2.56/100g</div></div><div class="mb1 mt2 b f6 black mr1 lh-copy">Pringles</div><span class="w_vi_D" style="-webkit-line-clamp:3;padding-bottom:0em;margin-bottom:-0em"><span data-automation-id="product-title" class="normal dark-gray mb0 mt1 lh-title f6 f5-l lh-copy">Pringles Mingles Cheddar &amp; Sour Cream Flavour 155g, PRG MNGLS CA CHDR&amp;SRCRM PFD SNKS 155GMX6</span></span><div class="flex items-center mt2"><span class="black inline-flex mr1" data-testid="product-ratings" data-value="3.4364"><i class="ld ld-StarFill" style="font-size:12px;vertical-align:-0.175em;width:12px;height:12px;box-sizing:content-box" aria-hidden="true"></i><i class="ld ld-StarFill" style="font-size:12px;vertical-align:-0.175em;width:12px;height:12px;box-sizing:content-box" aria-hidden="true"></i><i class="ld ld-StarFill" style="font-size:12px;vertical-align:-0.175em;width:12px;height:12px;box-sizing:content-box" aria-hidden="true"></i><i class="ld ld-StarHalf" style="font-size:12px;vertical-align:-0.175em;width:12px;height:12px;box-sizing:content-box" aria-hidden="true"></i><i class="ld ld-Star" style="font-size:12px;vertical-align:-0.175em;width:12px;height:12px;box-sizing:content-box" aria-hidden="true"></i></span><span class="sans-serif gray f7" aria-hidden="true" data-testid="product-reviews" data-value="55">55</span><span class="w_q67L">3.4364 out of 5 stars. 55 reviews</span></div><div class="flex items-center mv2"><div class="f7 mr1 blue b lh-copy">Free Delivery with</div><img loading="lazy" class="flex" src="//i5.walmartimages.com/dfw/3ccc2d91-49dd/k2-_2dc6530f-2ead-40b6-8ec8-fedc1c0c8978.v1.png" alt="Walmart Plus" height="20" width="auto"></div><div class="mb2 mt2"><span class="w_q67L">Available for Pickup or Delivery tomorrow</span><span class="w_SrYk w_2ioM w_DNAl w_OAJ4 w_GNSW mr1 mt1 ph1" aria-hidden="true">Pickup</span><span class="w_SrYk w_2ioM w_DNAl w_OAJ4 w_GNSW mr1 mt1 ph1" aria-hidden="true">Delivery tomorrow</span></div></div></div></div></div></div></div><div class="mb0 ph0-xl pt0-xl bb b--near-white w-25 pb3-m ph1"><div class="h-100 pr4-xl pb1-xl pv1 ph1" style="contain-intrinsic-size:198px 340px" io-id="PRD0Y7I7K44R8OD"><div role="group" data-item-id="PRD0Y7I7K44R8OD" class="sans-serif mid-gray relative flex flex-column w-100 hide-child-opacity"><a link-identifier="0Y7I7K44R8OD" class="w-100 h-100 z-1 hide-sibling-opacity  absolute" target="" href="/en/ip/PRG-CA-SNKSTK-3-FLVS-PCHPS-513GMX1-VTYPK/0Y7I7K44R8OD?selectedSellerId=0&amp;from=/search"><span class="w_q67L">PRG CA SNKSTK 3 FLVS PCHPS 513GMX1 VTYPK, PRG CA SNKSTK 3 FLVS PCHPS 513GMX1 VTYPK<!-- --> </span></a><div class="" data-testid="list-view"><div class=""><div class=""><div class="h2 relative nowrap mb2"></div><div class="relative"><div class="relative overflow-hidden" style="max-width:290px;height:0;padding-bottom:min(290px, 100%);align-self:center;width:min(290px, 100%)"><span><button type="button" class="bg-white pointer pa0 black bn mt1 mr1 pa1 br4 absolute top-0 right-0 z-2" data-automation-id="heart-item" aria-label="Add to Favourites list, PRG CA SNKSTK 3 FLVS PCHPS 513GMX1 VTYPK, PRG CA SNKSTK 3 FLVS PCHPS 513GMX1 VTYPK" style="width: 32px; height: 32px;"><i class="ld ld-Heart  " aria-hidden="true" style="font-size: 1.5rem; vertical-align: -0.25em; padding-top: 1px; width: 1.5rem; height: 1.5rem; box-sizing: content-box;"></i></button></span><img loading="eager" src="https://i5.walmartimages.com/asr/42c72d99-82ac-44ed-9d8a-110ae35bd0b3.dc762abb6340e81d718c9e3d59b3a4b6.png?odnHeight=580&amp;odnWidth=580&amp;odnBg=FFFFFF" id="is-0-productImage-2" width="" height="" class="absolute top-0 left-0" data-testid="productTileImage" alt="PRG CA SNKSTK 3 FLVS PCHPS 513GMX1 VTYPK, PRG CA SNKSTK 3 FLVS PCHPS 513GMX1 VTYPK" style="height:100%;left:50%;top:50%;transform:translate(-50%, -50%);object-fit:contain"></div><div class="z-2 absolute bottom--1"><div class="relative dib" data-id="PRD0Y7I7K44R8OD"><button class="w_eEg0 w_OoNT w_4QgR pointer bn sans-serif b ph2 flex items-center justify-center w-auto shadow-1" type="button" data-pcss-hide="true" data-automation-id="add-to-cart" aria-label="Add to cart - PRG CA SNKSTK 3 FLVS PCHPS 513GMX1 VTYPK, PRG CA SNKSTK 3 FLVS PCHPS 513GMX1 VTYPK"><i class="ld ld-Plus" style="font-size:1.5rem;vertical-align:-0.25em;width:1.5rem;height:1.5rem;box-sizing:content-box" title="add to cart"></i><span class="mr2">Add</span></button></div></div></div><div class="mt5 mb0" style="height:24px" data-testid="variant-PRD0Y7I7K44R8OD"><div class="flex items-center lh-title h2-l normal"><div class="gray f7 flex items-center "><div>Sponsored</div></div></div></div></div><div class=""><div data-automation-id="product-price" class="flex flex-wrap justify-start items-center lh-title mb1"><div class="mr1 mr2-xl b black lh-copy f5 f4-l" aria-hidden="true">$14.97</div><span class="w_q67L">current price $14.97</span></div><div class="mb1 mt2 b f6 black mr1 lh-copy">Pringles</div><span class="w_vi_D" style="-webkit-line-clamp:3;padding-bottom:0em;margin-bottom:-0em"><span data-automation-id="product-title" class="normal dark-gray mb0 mt1 lh-title f6 f5-l lh-copy">PRG CA SNKSTK 3 FLVS PCHPS 513GMX1 VTYPK, PRG CA SNKSTK 3 FLVS PCHPS 513GMX1 VTYPK</span></span><div class="flex items-center mt2"><span class="black inline-flex mr1" data-testid="product-ratings" data-value="5"><i class="ld ld-StarFill" style="font-size:12px;vertical-align:-0.175em;width:12px;height:12px;box-sizing:content-box" aria-hidden="true"></i><i class="ld ld-StarFill" style="font-size:12px;vertical-align:-0.175em;width:12px;height:12px;box-sizing:content-box" aria-hidden="true"></i><i class="ld ld-StarFill" style="font-size:12px;vertical-align:-0.175em;width:12px;height:12px;box-sizing:content-box" aria-hidden="true"></i><i class="ld ld-StarFill" style="font-size:12px;vertical-align:-0.175em;width:12px;height:12px;box-sizing:content-box" aria-hidden="true"></i><i class="ld ld-StarFill" style="font-size:12px;vertical-align:-0.175em;width:12px;height:12px;box-sizing:content-box" aria-hidden="true"></i></span><span class="sans-serif gray f7" aria-hidden="true" data-testid="product-reviews" data-value="5">5</span><span class="w_q67L">5 out of 5 stars. 5 reviews</span></div><div class="flex items-center mv2"><div class="f7 mr1 blue b lh-copy">Free Delivery with</div><img loading="lazy" class="flex" src="//i5.walmartimages.com/dfw/3ccc2d91-49dd/k2-_2dc6530f-2ead-40b6-8ec8-fedc1c0c8978.v1.png" alt="Walmart Plus" height="20" width="auto"></div><div class="mb2 mt2"><span class="w_q67L">Available for Pickup or Delivery tomorrow</span><span class="w_SrYk w_2ioM w_DNAl w_OAJ4 w_GNSW mr1 mt1 ph1" aria-hidden="true">Pickup</span><span class="w_SrYk w_2ioM w_DNAl w_OAJ4 w_GNSW mr1 mt1 ph1" aria-hidden="true">Delivery tomorrow</span></div></div></div></div></div></div></div><div class="mb0 ph0-xl pt0-xl bb b--near-white w-25 pb3-m ph1"><div class="h-100 pr4-xl pb1-xl pv1 ph1" style="contain-intrinsic-size:198px 340px" io-id="PRD4KY1WJ7H5VOK"><div role="group" data-item-id="PRD4KY1WJ7H5VOK" class="sans-serif mid-gray relative flex flex-column w-100 hide-child-opacity"><a link-identifier="4KY1WJ7H5VOK" class="w-100 h-100 z-1 hide-sibling-opacity  absolute" target="" href="/en/ip/Pringles-Mingles-Sharp-White-Cheddar-Ranch-Flavour-155g/4KY1WJ7H5VOK?selectedSellerId=0&amp;from=/search"><span class="w_q67L">Pringles Mingles Sharp White Cheddar &amp; Ranch Flavour 155g, PRG MNGLS CA SHWTCDRRCH PFD SNKS 155GMX6<!-- --> </span></a><div class="" data-testid="list-view"><div class=""><div class=""><div class="h2 relative nowrap mb2"></div><div class="relative"><div class="relative overflow-hidden" style="max-width:290px;height:0;padding-bottom:min(290px, 100%);align-self:center;width:min(290px, 100%)"><span><button type="button" class="bg-white pointer pa0 black bn mt1 mr1 pa1 br4 absolute top-0 right-0 z-2" data-automation-id="heart-item" aria-label="Add to Favourites list, Pringles Mingles Sharp White Cheddar &amp; Ranch Flavour 155g, PRG MNGLS CA SHWTCDRRCH PFD SNKS 155GMX6" style="width: 32px; height: 32px;"><i class="ld ld-Heart  " aria-hidden="true" style="font-size: 1.5rem; vertical-align: -0.25em; padding-top: 1px; width: 1.5rem; height: 1.5rem; box-sizing: content-box;"></i></button></span><img loading="eager" src="https://i5.walmartimages.com/asr/456ac2e8-da4a-4c79-b864-947d22329b84.c917619a7b68fee66e0ab9dbf0932129.jpeg?odnHeight=580&amp;odnWidth=580&amp;odnBg=FFFFFF" id="is-0-productImage-3" width="" height="" class="absolute top-0 left-0" data-testid="productTileImage" alt="Pringles Mingles Sharp White Cheddar &amp; Ranch Flavour 155g, PRG MNGLS CA SHWTCDRRCH PFD SNKS 155GMX6" style="height:100%;left:50%;top:50%;transform:translate(-50%, -50%);object-fit:contain"></div><div class="z-2 absolute bottom--1"><div class="relative dib" data-id="PRD4KY1WJ7H5VOK"><button class="w_eEg0 w_OoNT w_4QgR pointer bn sans-serif b ph2 flex items-center justify-center w-auto shadow-1" type="button" data-pcss-hide="true" data-automation-id="add-to-cart" aria-label="Add to cart - Pringles Mingles Sharp White Cheddar &amp; Ranch Flavour 155g, PRG MNGLS CA SHWTCDRRCH PFD SNKS 155GMX6"><i class="ld ld-Plus" style="font-size:1.5rem;vertical-align:-0.25em;width:1.5rem;height:1.5rem;box-sizing:content-box" title="add to cart"></i><span class="mr2">Add</span></button></div></div></div><div class="mt5 mb0" style="height:24px" data-testid="variant-PRD4KY1WJ7H5VOK"><div class="flex items-center lh-title h2-l normal"><div class="gray f7 flex items-center "><div>Sponsored</div></div></div></div></div><div class=""><div data-automation-id="product-price" class="flex flex-wrap justify-start items-center lh-title mb1"><div class="mr1 mr2-xl b black lh-copy f5 f4-l" aria-hidden="true">$3.97</div><span class="w_q67L">current price $3.97</span><div class="gray mr1 f7 f6-l">$2.56/100g</div></div><div class="mb1 mt2 b f6 black mr1 lh-copy">Pringles</div><span class="w_vi_D" style="-webkit-line-clamp:3;padding-bottom:0em;margin-bottom:-0em"><span data-automation-id="product-title" class="normal dark-gray mb0 mt1 lh-title f6 f5-l lh-copy">Pringles Mingles Sharp White Cheddar &amp; Ranch Flavour 155g, PRG MNGLS CA SHWTCDRRCH PFD SNKS 155GMX6</span></span><div class="flex items-center mt2"><span class="black inline-flex mr1" data-testid="product-ratings" data-value="3.9574"><i class="ld ld-StarFill" style="font-size:12px;vertical-align:-0.175em;width:12px;height:12px;box-sizing:content-box" aria-hidden="true"></i><i class="ld ld-StarFill" style="font-size:12px;vertical-align:-0.175em;width:12px;height:12px;box-sizing:content-box" aria-hidden="true"></i><i class="ld ld-StarFill" style="font-size:12px;vertical-align:-0.175em;width:12px;height:12px;box-sizing:content-box" aria-hidden="true"></i><i class="ld ld-StarFill" style="font-size:12px;vertical-align:-0.175em;width:12px;height:12px;box-sizing:content-box" aria-hidden="true"></i><i class="ld ld-Star" style="font-size:12px;vertical-align:-0.175em;width:12px;height:12px;box-sizing:content-box" aria-hidden="true"></i></span><span class="sans-serif gray f7" aria-hidden="true" data-testid="product-reviews" data-value="47">47</span><span class="w_q67L">3.9574 out of 5 stars. 47 reviews</span></div><div class="flex items-center mv2"><div class="f7 mr1 blue b lh-copy">Free Delivery with</div><img loading="lazy" class="flex" src="//i5.walmartimages.com/dfw/3ccc2d91-49dd/k2-_2dc6530f-2ead-40b6-8ec8-fedc1c0c8978.v1.png" alt="Walmart Plus" height="20" width="auto"></div><div class="mb2 mt2"><span class="w_q67L">Available for Pickup or Delivery tomorrow</span><span class="w_SrYk w_2ioM w_DNAl w_OAJ4 w_GNSW mr1 mt1 ph1" aria-hidden="true">Pickup</span><span class="w_SrYk w_2ioM w_DNAl w_OAJ4 w_GNSW mr1 mt1 ph1" aria-hidden="true">Delivery tomorrow</span></div></div></div></div></div></div></div><div class="mb0 ph0-xl pt0-xl bb b--near-white w-25 pb3-m ph1"><div class="h-100 pr4-xl pb1-xl pv1 ph1" style="contain-intrinsic-size:198px 340px" io-id="PRD2RG5BV7O5CZR"><div role="group" data-item-id="PRD2RG5BV7O5CZR" class="sans-serif mid-gray relative flex flex-column w-100 hide-child-opacity"><a link-identifier="2RG5BV7O5CZR" class="w-100 h-100 z-1 hide-sibling-opacity  absolute" target="" href="/en/ip/La-Cocina-Fiesta-Tortilla-Chips/2RG5BV7O5CZR?selectedSellerId=0&amp;from=/search"><span class="w_q67L">La Cocina Fiesta Tortilla Chips, La Cocina Fiesta Flavoured Tortilla Chips<!-- --> </span></a><div class="" data-testid="list-view"><div class=""><div class=""><div class="h2 relative nowrap mb2"></div><div class="relative"><div class="relative overflow-hidden" style="max-width:290px;height:0;padding-bottom:min(290px, 100%);align-self:center;width:min(290px, 100%)"><span><button type="button" class="bg-white pointer pa0 black bn mt1 mr1 pa1 br4 absolute top-0 right-0 z-2" data-automation-id="heart-item" aria-label="Add to Favourites list, La Cocina Fiesta Tortilla Chips, La Cocina Fiesta Flavoured Tortilla Chips" style="width: 32px; height: 32px;"><i class="ld ld-Heart  " aria-hidden="true" style="font-size: 1.5rem; vertical-align: -0.25em; padding-top: 1px; width: 1.5rem; height: 1.5rem; box-sizing: content-box;"></i></button></span><img loading="lazy" srcset="https://i5.walmartimages.com/asr/bd661049-d267-42fc-ae05-940ed60279cf.4f08065df0ad98247c5369151fa18f6e.jpeg?odnHeight=290&amp;odnWidth=290&amp;odnBg=FFFFFF 1x, https://i5.walmartimages.com/asr/bd661049-d267-42fc-ae05-940ed60279cf.4f08065df0ad98247c5369151fa18f6e.jpeg?odnHeight=580&amp;odnWidth=580&amp;odnBg=FFFFFF 2x" src="https://i5.walmartimages.com/asr/bd661049-d267-42fc-ae05-940ed60279cf.4f08065df0ad98247c5369151fa18f6e.jpeg?odnHeight=580&amp;odnWidth=580&amp;odnBg=FFFFFF" id="is-0-productImage-4" width="" height="" class="absolute top-0 left-0" data-testid="productTileImage" alt="La Cocina Fiesta Tortilla Chips, La Cocina Fiesta Flavoured Tortilla Chips" style="height:100%;left:50%;top:50%;transform:translate(-50%, -50%);object-fit:contain"></div><div class="z-2 absolute bottom--1"><div class="relative dib" data-id="PRD2RG5BV7O5CZR"><button class="w_eEg0 w_OoNT w_4QgR pointer bn sans-serif b ph2 flex items-center justify-center w-auto shadow-1" type="button" data-pcss-hide="true" data-automation-id="add-to-cart" aria-label="Add to cart - La Cocina Fiesta Tortilla Chips, La Cocina Fiesta Flavoured Tortilla Chips"><i class="ld ld-Plus" style="font-size:1.5rem;vertical-align:-0.25em;width:1.5rem;height:1.5rem;box-sizing:content-box" title="add to cart"></i><span class="mr2">Add</span></button></div></div></div><div class="mt5 mb0" style="height:24px" data-testid="variant-PRD2RG5BV7O5CZR"></div></div><div class=""><div data-automation-id="product-price" class="flex flex-wrap justify-start items-center lh-title mb1"><div class="mr1 mr2-xl b black lh-copy f5 f4-l" aria-hidden="true">$3.97</div><span class="w_q67L">current price $3.97</span><div class="gray mr1 f7 f6-l">$1.32/100g</div></div><div class="mb1 mt2 b f6 black mr1 lh-copy">La cocina</div><span class="w_vi_D" style="-webkit-line-clamp:3;padding-bottom:0em;margin-bottom:-0em"><span data-automation-id="product-title" class="normal dark-gray mb0 mt1 lh-title f6 f5-l lh-copy">La Cocina Fiesta Tortilla Chips, La Cocina Fiesta Flavoured Tortilla Chips</span></span><div class="flex items-center mt2"><span class="black inline-flex mr1" data-testid="product-ratings" data-value="4.775"><i class="ld ld-StarFill" style="font-size:12px;vertical-align:-0.175em;width:12px;height:12px;box-sizing:content-box" aria-hidden="true"></i><i class="ld ld-StarFill" style="font-size:12px;vertical-align:-0.175em;width:12px;height:12px;box-sizing:content-box" aria-hidden="true"></i><i class="ld ld-StarFill" style="font-size:12px;vertical-align:-0.175em;width:12px;height:12px;box-sizing:content-box" aria-hidden="true"></i><i class="ld ld-StarFill" style="font-size:12px;vertical-align:-0.175em;width:12px;height:12px;box-sizing:content-box" aria-hidden="true"></i><i class="ld ld-StarFill" style="font-size:12px;vertical-align:-0.175em;width:12px;height:12px;box-sizing:content-box" aria-hidden="true"></i></span><span class="sans-serif gray f7" aria-hidden="true" data-testid="product-reviews" data-value="40">40</span><span class="w_q67L">4.775 out of 5 stars. 40 reviews</span></div><div class="flex items-center mv2"><div class="f7 mr1 blue b lh-copy">Free Delivery with</div><img loading="lazy" class="flex" src="//i5.walmartimages.com/dfw/3ccc2d91-49dd/k2-_2dc6530f-2ead-40b6-8ec8-fedc1c0c8978.v1.png" alt="Walmart Plus" height="20" width="auto"></div><div class="mb2 mt2"><span class="w_q67L">Available for Pickup or Delivery tomorrow</span><span class="w_SrYk w_2ioM w_DNAl w_OAJ4 w_GNSW mr1 mt1 ph1" aria-hidden="true">Pickup</span><span class="w_SrYk w_2ioM w_DNAl w_OAJ4 w_GNSW mr1 mt1 ph1" aria-hidden="true">Delivery tomorrow</span></div></div></div></div></div></div></div><div class="mb0 ph0-xl pt0-xl bb b--near-white w-25 pb3-m ph1"><div class="h-100 pr4-xl pb1-xl pv1 ph1" style="contain-intrinsic-size:198px 340px" io-id="PRD3HFW045T12IR"><div role="group" data-item-id="PRD3HFW045T12IR" class="sans-serif mid-gray relative flex flex-column w-100 hide-child-opacity"><a link-identifier="3HFW045T12IR" class="w-100 h-100 z-1 hide-sibling-opacity  absolute" target="" href="/en/ip/Miss-Vickie-s-All-Dressed-Potato-Chips/3HFW045T12IR?selectedSellerId=0&amp;from=/search"><span class="w_q67L">Miss Vickie's All Dressed Potato Chips, 200g<!-- --> </span></a><div class="" data-testid="list-view"><div class=""><div class=""><div class="h2 relative nowrap mb2"><span class="w_lvOM w_0iRl w_qc1P w_jdu4">Bought 4 times</span></div><div class="relative"><div class="relative overflow-hidden" style="max-width:290px;height:0;padding-bottom:min(290px, 100%);align-self:center;width:min(290px, 100%)"><span><button type="button" class="bg-white pointer pa0 black bn mt1 mr1 pa1 br4 absolute top-0 right-0 z-2" data-automation-id="heart-item" aria-label="Add to Favourites list, Miss Vickie's All Dressed Potato Chips, 200g" style="width: 32px; height: 32px;"><i class="ld ld-Heart  " aria-hidden="true" style="font-size: 1.5rem; vertical-align: -0.25em; padding-top: 1px; width: 1.5rem; height: 1.5rem; box-sizing: content-box;"></i></button></span><img loading="lazy" srcset="https://i5.walmartimages.com/asr/8c696ecc-db69-4e8c-a7e2-f34ce4f98d13.48bd2d3399a1a922f39f2fa10b523f87.jpeg?odnHeight=290&amp;odnWidth=290&amp;odnBg=FFFFFF 1x, https://i5.walmartimages.com/asr/8c696ecc-db69-4e8c-a7e2-f34ce4f98d13.48bd2d3399a1a922f39f2fa10b523f87.jpeg?odnHeight=580&amp;odnWidth=580&amp;odnBg=FFFFFF 2x" src="https://i5.walmartimages.com/asr/8c696ecc-db69-4e8c-a7e2-f34ce4f98d13.48bd2d3399a1a922f39f2fa10b523f87.jpeg?odnHeight=580&amp;odnWidth=580&amp;odnBg=FFFFFF" id="is-0-productImage-5" width="" height="" class="absolute top-0 left-0" data-testid="productTileImage" alt="Miss Vickie's All Dressed Potato Chips, 200g" style="height:100%;left:50%;top:50%;transform:translate(-50%, -50%);object-fit:contain"></div><div class="z-2 absolute bottom--1"><div class="relative dib" data-id="PRD3HFW045T12IR"><button class="w_eEg0 w_OoNT w_4QgR pointer bn sans-serif b ph2 flex items-center justify-center w-auto shadow-1" type="button" data-pcss-hide="true" data-automation-id="add-to-cart" aria-label="Add to cart - Miss Vickie's All Dressed Potato Chips, 200g"><i class="ld ld-Plus" style="font-size:1.5rem;vertical-align:-0.25em;width:1.5rem;height:1.5rem;box-sizing:content-box" title="add to cart"></i><span class="mr2">Add</span></button></div></div></div><div class="mt5 mb0" style="height:24px" data-testid="variant-PRD3HFW045T12IR"></div></div><div class=""><div data-automation-id="product-price" class="flex flex-wrap justify-start items-center lh-title mb1"><div class="mr1 mr2-xl b black lh-copy f5 f4-l" aria-hidden="true">$3.97</div><span class="w_q67L">current price $3.97</span><div class="gray mr1 f7 f6-l">2¢/100g</div></div><div class="mb1 mt2 b f6 black mr1 lh-copy">Miss Vickie's</div><span class="w_vi_D" style="-webkit-line-clamp:3;padding-bottom:0em;margin-bottom:-0em"><span data-automation-id="product-title" class="normal dark-gray mb0 mt1 lh-title f6 f5-l lh-copy">Miss Vickie's All Dressed Potato Chips, 200g</span></span><div class="flex items-center mt2"><span class="black inline-flex mr1" data-testid="product-ratings" data-value="4.3611"><i class="ld ld-StarFill" style="font-size:12px;vertical-align:-0.175em;width:12px;height:12px;box-sizing:content-box" aria-hidden="true"></i><i class="ld ld-StarFill" style="font-size:12px;vertical-align:-0.175em;width:12px;height:12px;box-sizing:content-box" aria-hidden="true"></i><i class="ld ld-StarFill" style="font-size:12px;vertical-align:-0.175em;width:12px;height:12px;box-sizing:content-box" aria-hidden="true"></i><i class="ld ld-StarFill" style="font-size:12px;vertical-align:-0.175em;width:12px;height:12px;box-sizing:content-box" aria-hidden="true"></i><i class="ld ld-StarHalf" style="font-size:12px;vertical-align:-0.175em;width:12px;height:12px;box-sizing:content-box" aria-hidden="true"></i></span><span class="sans-serif gray f7" aria-hidden="true" data-testid="product-reviews" data-value="36">36</span><span class="w_q67L">4.3611 out of 5 stars. 36 reviews</span></div><div class="flex items-center mv2"><div class="f7 mr1 blue b lh-copy">Free Delivery with</div><img loading="lazy" class="flex" src="//i5.walmartimages.com/dfw/3ccc2d91-49dd/k2-_2dc6530f-2ead-40b6-8ec8-fedc1c0c8978.v1.png" alt="Walmart Plus" height="20" width="auto"></div><div class="mb2 mt2"><span class="w_q67L">Available for Pickup or Delivery tomorrow</span><span class="w_SrYk w_2ioM w_DNAl w_OAJ4 w_GNSW mr1 mt1 ph1" aria-hidden="true">Pickup</span><span class="w_SrYk w_2ioM w_DNAl w_OAJ4 w_GNSW mr1 mt1 ph1" aria-hidden="true">Delivery tomorrow</span></div></div></div></div></div></div></div><div class="mb0 ph0-xl pt0-xl bb b--near-white w-25 pb3-m ph1"><div class="h-100 pr4-xl pb1-xl pv1 ph1" style="contain-intrinsic-size:198px 340px" io-id="6000196877529"><div role="group" data-item-id="6000196877529" class="sans-serif mid-gray relative flex flex-column w-100 hide-child-opacity"><a link-identifier="6000196877530" class="w-100 h-100 z-1 hide-sibling-opacity  absolute" target="" href="/en/ip/Stacy-s-Simply-Naked-Pita-Chips/6000196877530?selectedSellerId=0&amp;from=/search"><span class="w_q67L">Stacy's Simply Naked Pita Chips, 227g<!-- --> </span></a><div class="" data-testid="list-view"><div class=""><div class="relative"><div class="h3 relative nowrap mb2 overflow-hidden"><span class="w_SrYk w_TBvN w_O_Dq tag-leading-badge" style="color:#9b1419;box-shadow:inset 0 0 0 1px #9b1419">3 for $10</span><button class="w_eEg0 w_KJ_i w_w8Y1 relative top-0 pl1 pr0 z-2" type="button" aria-label="3 for $10. View eligible mix and match items." name="View all">View all</button></div><div class="relative"><div class="relative overflow-hidden" style="max-width:290px;height:0;padding-bottom:min(290px, 100%);align-self:center;width:min(290px, 100%)"><span><button type="button" class="bg-white pointer pa0 black bn mt1 mr1 pa1 br4 absolute top-0 right-0 z-2" data-automation-id="heart-item" aria-label="Add to Favourites list, Stacy's Simply Naked Pita Chips, 227g" style="width: 32px; height: 32px;"><i class="ld ld-Heart  " aria-hidden="true" style="font-size: 1.5rem; vertical-align: -0.25em; padding-top: 1px; width: 1.5rem; height: 1.5rem; box-sizing: content-box;"></i></button></span><img loading="lazy" srcset="https://i5.walmartimages.com/asr/218018bc-80e8-4818-b390-5b4a5fb92bde.8b8972f942dc0dfc4141815c6e088d1d.jpeg?odnHeight=290&amp;odnWidth=290&amp;odnBg=FFFFFF 1x, https://i5.walmartimages.com/asr/218018bc-80e8-4818-b390-5b4a5fb92bde.8b8972f942dc0dfc4141815c6e088d1d.jpeg?odnHeight=580&amp;odnWidth=580&amp;odnBg=FFFFFF 2x" src="https://i5.walmartimages.com/asr/218018bc-80e8-4818-b390-5b4a5fb92bde.8b8972f942dc0dfc4141815c6e088d1d.jpeg?odnHeight=580&amp;odnWidth=580&amp;odnBg=FFFFFF" id="is-0-productImage-6" width="" height="" class="absolute top-0 left-0" data-testid="productTileImage" alt="Stacy's Simply Naked Pita Chips, 227g" style="height:100%;left:50%;top:50%;transform:translate(-50%, -50%);object-fit:contain"></div><div class="z-2 absolute bottom--1"><div class="relative dib" data-id="6000196877529"><button class="w_eEg0 w_OoNT w_4QgR pointer bn sans-serif b ph2 flex items-center justify-center w-auto shadow-1" type="button" data-pcss-hide="true" data-automation-id="add-to-cart" aria-label="Add to cart - Stacy's Simply Naked Pita Chips, 227g"><i class="ld ld-Plus" style="font-size:1.5rem;vertical-align:-0.25em;width:1.5rem;height:1.5rem;box-sizing:content-box" title="add to cart"></i><span class="mr2">Add</span></button></div></div></div><div class="mt5 mb0" style="height:24px" data-testid="variant-6000196877529"></div></div><div class=""><div data-automation-id="product-price" class="flex flex-wrap justify-start items-center lh-title mb1"><div class="mr1 mr2-xl b black lh-copy f5 f4-l" aria-hidden="true">$5.47</div><span class="w_q67L">current price $5.47</span><div class="gray mr1 f7 f6-l">$2.41/100g</div></div><div class="mb1 mt2 b f6 black mr1 lh-copy">Stacy's</div><span class="w_vi_D" style="-webkit-line-clamp:3;padding-bottom:0em;margin-bottom:-0em"><span data-automation-id="product-title" class="normal dark-gray mb0 mt1 lh-title f6 f5-l lh-copy">Stacy's Simply Naked Pita Chips, 227g</span></span><div class="flex items-center mt2"><span class="black inline-flex mr1" data-testid="product-ratings" data-value="4.2174"><i class="ld ld-StarFill" style="font-size:12px;vertical-align:-0.175em;width:12px;height:12px;box-sizing:content-box" aria-hidden="true"></i><i class="ld ld-StarFill" style="font-size:12px;vertical-align:-0.175em;width:12px;height:12px;box-sizing:content-box" aria-hidden="true"></i><i class="ld ld-StarFill" style="font-size:12px;vertical-align:-0.175em;width:12px;height:12px;box-sizing:content-box" aria-hidden="true"></i><i class="ld ld-StarFill" style="font-size:12px;vertical-align:-0.175em;width:12px;height:12px;box-sizing:content-box" aria-hidden="true"></i><i class="ld ld-Star" style="font-size:12px;vertical-align:-0.175em;width:12px;height:12px;box-sizing:content-box" aria-hidden="true"></i></span><span class="sans-serif gray f7" aria-hidden="true" data-testid="product-reviews" data-value="276">276</span><span class="w_q67L">4.2174 out of 5 stars. 276 reviews</span></div><div class="flex items-center mv2"><div class="f7 mr1 blue b lh-copy">Free Delivery with</div><img loading="lazy" class="flex" src="//i5.walmartimages.com/dfw/3ccc2d91-49dd/k2-_2dc6530f-2ead-40b6-8ec8-fedc1c0c8978.v1.png" alt="Walmart Plus" height="20" width="auto"></div><div class="mb2 mt2"><span class="w_q67L">Available for Pickup or Delivery tomorrow</span><span class="w_SrYk w_2ioM w_DNAl w_OAJ4 w_GNSW mr1 mt1 ph1" aria-hidden="true">Pickup</span><span class="w_SrYk w_2ioM w_DNAl w_OAJ4 w_GNSW mr1 mt1 ph1" aria-hidden="true">Delivery tomorrow</span></div></div></div></div></div></div></div><div class="mb0 ph0-xl pt0-xl bb b--near-white w-25 pb3-m ph1"><div class="h-100 pr4-xl pb1-xl pv1 ph1" style="contain-intrinsic-size:198px 340px" io-id="6000200706635"><div role="group" data-item-id="6000200706635" class="sans-serif mid-gray relative flex flex-column w-100 hide-child-opacity"><a link-identifier="6000200706636" class="w-100 h-100 z-1 hide-sibling-opacity  absolute" target="" href="/en/ip/Pringles-Party-Stack-Can-Sour-Cream-Onion-Flavour-203g/6000200706636?selectedSellerId=0&amp;from=/search"><span class="w_q67L">Pringles Party Stack Can Sour Cream &amp; Onion Flavour 203g, 203g<!-- --> </span></a><div class="" data-testid="list-view"><div class=""><div class=""><div class="h2 relative nowrap mb2"></div><div class="relative"><div class="relative overflow-hidden" style="max-width:290px;height:0;padding-bottom:min(290px, 100%);align-self:center;width:min(290px, 100%)"><span><button type="button" class="bg-white pointer pa0 black bn mt1 mr1 pa1 br4 absolute top-0 right-0 z-2" data-automation-id="heart-item" aria-label="Add to Favourites list, Pringles Party Stack Can Sour Cream &amp; Onion Flavour 203g, 203g" style="width: 32px; height: 32px;"><i class="ld ld-Heart  " aria-hidden="true" style="font-size: 1.5rem; vertical-align: -0.25em; padding-top: 1px; width: 1.5rem; height: 1.5rem; box-sizing: content-box;"></i></button></span><img loading="lazy" srcset="https://i5.walmartimages.com/asr/34d74bed-1aa9-4c3c-81ef-e73bf2eabc59.ecdd080b6a2d78cfb1d367071415aad1.jpeg?odnHeight=290&amp;odnWidth=290&amp;odnBg=FFFFFF 1x, https://i5.walmartimages.com/asr/34d74bed-1aa9-4c3c-81ef-e73bf2eabc59.ecdd080b6a2d78cfb1d367071415aad1.jpeg?odnHeight=580&amp;odnWidth=580&amp;odnBg=FFFFFF 2x" src="https://i5.walmartimages.com/asr/34d74bed-1aa9-4c3c-81ef-e73bf2eabc59.ecdd080b6a2d78cfb1d367071415aad1.jpeg?odnHeight=580&amp;odnWidth=580&amp;odnBg=FFFFFF" id="is-0-productImage-7" width="" height="" class="absolute top-0 left-0" data-testid="productTileImage" alt="Pringles Party Stack Can Sour Cream &amp; Onion Flavour 203g, 203g" style="height:100%;left:50%;top:50%;transform:translate(-50%, -50%);object-fit:contain"></div><div class="z-2 absolute bottom--1"><div class="relative dib" data-id="6000200706635"><button class="w_eEg0 w_OoNT w_4QgR pointer bn sans-serif b ph2 flex items-center justify-center w-auto shadow-1" type="button" data-pcss-hide="true" data-automation-id="add-to-cart" aria-label="Add to cart - Pringles Party Stack Can Sour Cream &amp; Onion Flavour 203g, 203g"><i class="ld ld-Plus" style="font-size:1.5rem;vertical-align:-0.25em;width:1.5rem;height:1.5rem;box-sizing:content-box" title="add to cart"></i><span class="mr2">Add</span></button></div></div></div><div class="mt5 mb0" style="height:24px" data-testid="variant-6000200706635"><div class="flex items-center lh-title h2-l normal"><div class="gray f7 flex items-center "><div>Sponsored</div></div></div></div></div><div class=""><div data-automation-id="product-price" class="flex flex-wrap justify-start items-center lh-title mb1"><div class="mr1 mr2-xl b black lh-copy f5 f4-l" aria-hidden="true">$2.97</div><span class="w_q67L">current price $2.97</span><div class="gray mr1 f7 f6-l">$1.46/100g</div></div><div class="mb1 mt2 b f6 black mr1 lh-copy">Pringles</div><span class="w_vi_D" style="-webkit-line-clamp:3;padding-bottom:0em;margin-bottom:-0em"><span data-automation-id="product-title" class="normal dark-gray mb0 mt1 lh-title f6 f5-l lh-copy">Pringles Party Stack Can Sour Cream &amp; Onion Flavour 203g, 203g</span></span><div class="flex items-center mt2"><span class="black inline-flex mr1" data-testid="product-ratings" data-value="4.6585"><i class="ld ld-StarFill" style="font-size:12px;vertical-align:-0.175em;width:12px;height:12px;box-sizing:content-box" aria-hidden="true"></i><i class="ld ld-StarFill" style="font-size:12px;vertical-align:-0.175em;width:12px;height:12px;box-sizing:content-box" aria-hidden="true"></i><i class="ld ld-StarFill" style="font-size:12px;vertical-align:-0.175em;width:12px;height:12px;box-sizing:content-box" aria-hidden="true"></i><i class="ld ld-StarFill" style="font-size:12px;vertical-align:-0.175em;width:12px;height:12px;box-sizing:content-box" aria-hidden="true"></i><i class="ld ld-StarHalf" style="font-size:12px;vertical-align:-0.175em;width:12px;height:12px;box-sizing:content-box" aria-hidden="true"></i></span><span class="sans-serif gray f7" aria-hidden="true" data-testid="product-reviews" data-value="82">82</span><span class="w_q67L">4.6585 out of 5 stars. 82 reviews</span></div><div class="flex items-center mv2"><div class="f7 mr1 blue b lh-copy">Free Delivery with</div><img loading="lazy" class="flex" src="//i5.walmartimages.com/dfw/3ccc2d91-49dd/k2-_2dc6530f-2ead-40b6-8ec8-fedc1c0c8978.v1.png" alt="Walmart Plus" height="20" width="auto"></div><div class="mb2 mt2"><span class="w_q67L">Available for Pickup or Delivery tomorrow</span><span class="w_SrYk w_2ioM w_DNAl w_OAJ4 w_GNSW mr1 mt1 ph1" aria-hidden="true">Pickup</span><span class="w_SrYk w_2ioM w_DNAl w_OAJ4 w_GNSW mr1 mt1 ph1" aria-hidden="true">Delivery tomorrow</span></div></div></div></div></div></div></div><div class="mb0 ph0-xl pt0-xl bb b--near-white w-25 pb3-m ph1"><div class="h-100 pr4-xl pb1-xl pv1 ph1" style="contain-intrinsic-size:198px 340px" io-id="PRD17SKIQGM2WQ1"><div role="group" data-item-id="PRD17SKIQGM2WQ1" class="sans-serif mid-gray relative flex flex-column w-100 hide-child-opacity"><a link-identifier="17SKIQGM2WQ1" class="w-100 h-100 z-1 hide-sibling-opacity  absolute" target="" href="/en/ip/PopCorners-Sweet-Chili-Popped-Corn-Chips-EN/17SKIQGM2WQ1?selectedSellerId=0&amp;from=/search"><span class="w_q67L">PopCorners Sweet Chili Popped-Corn Chips - EN, 142g<!-- --> </span></a><div class="" data-testid="list-view"><div class=""><div class="relative"><div class="h3 relative nowrap mb2 overflow-hidden"><span class="w_SrYk w_TBvN w_O_Dq tag-leading-badge" style="color:#9b1419;box-shadow:inset 0 0 0 1px #9b1419">3 for $10</span><button class="w_eEg0 w_KJ_i w_w8Y1 relative top-0 pl1 pr0 z-2" type="button" aria-label="3 for $10. View eligible mix and match items." name="View all">View all</button></div><div class="relative"><div class="relative overflow-hidden" style="max-width:290px;height:0;padding-bottom:min(290px, 100%);align-self:center;width:min(290px, 100%)"><span><button type="button" class="bg-white pointer pa0 black bn mt1 mr1 pa1 br4 absolute top-0 right-0 z-2" data-automation-id="heart-item" aria-label="Add to Favourites list, PopCorners Sweet Chili Popped-Corn Chips - EN, 142g" style="width: 32px; height: 32px;"><i class="ld ld-Heart  " aria-hidden="true" style="font-size: 1.5rem; vertical-align: -0.25em; padding-top: 1px; width: 1.5rem; height: 1.5rem; box-sizing: content-box;"></i></button></span><img loading="lazy" srcset="https://i5.walmartimages.com/asr/302d19ce-f7da-4451-905f-fb86006228e8.c62f061167cc805bc0a3e395f25d3090.jpeg?odnHeight=290&amp;odnWidth=290&amp;odnBg=FFFFFF 1x, https://i5.walmartimages.com/asr/302d19ce-f7da-4451-905f-fb86006228e8.c62f061167cc805bc0a3e395f25d3090.jpeg?odnHeight=580&amp;odnWidth=580&amp;odnBg=FFFFFF 2x" src="https://i5.walmartimages.com/asr/302d19ce-f7da-4451-905f-fb86006228e8.c62f061167cc805bc0a3e395f25d3090.jpeg?odnHeight=580&amp;odnWidth=580&amp;odnBg=FFFFFF" id="is-0-productImage-8" width="" height="" class="absolute top-0 left-0" data-testid="productTileImage" alt="PopCorners Sweet Chili Popped-Corn Chips - EN, 142g" style="height:100%;left:50%;top:50%;transform:translate(-50%, -50%);object-fit:contain"></div><div class="z-2 absolute bottom--1"><div class="relative dib" data-id="PRD17SKIQGM2WQ1"><button class="w_eEg0 w_OoNT w_4QgR pointer bn sans-serif b ph2 flex items-center justify-center w-auto shadow-1" type="button" data-pcss-hide="true" data-automation-id="add-to-cart" aria-label="Add to cart - PopCorners Sweet Chili Popped-Corn Chips - EN, 142g"><i class="ld ld-Plus" style="font-size:1.5rem;vertical-align:-0.25em;width:1.5rem;height:1.5rem;box-sizing:content-box" title="add to cart"></i><span class="mr2">Add</span></button></div></div></div><div class="mt5 mb0" style="height:24px" data-testid="variant-PRD17SKIQGM2WQ1"></div></div><div class=""><div data-automation-id="product-price" class="flex flex-wrap justify-start items-center lh-title mb1"><div class="mr1 mr2-xl b black lh-copy f5 f4-l" aria-hidden="true">$4.97</div><span class="w_q67L">current price $4.97</span><div class="gray mr1 f7 f6-l">4¢/100g</div></div><div class="mb1 mt2 b f6 black mr1 lh-copy">PopCorners</div><span class="w_vi_D" style="-webkit-line-clamp:3;padding-bottom:0em;margin-bottom:-0em"><span data-automation-id="product-title" class="normal dark-gray mb0 mt1 lh-title f6 f5-l lh-copy">PopCorners Sweet Chili Popped-Corn Chips - EN, 142g</span></span><div class="flex items-center mt2"><span class="black inline-flex mr1" data-testid="product-ratings" data-value="4.1538"><i class="ld ld-StarFill" style="font-size:12px;vertical-align:-0.175em;width:12px;height:12px;box-sizing:content-box" aria-hidden="true"></i><i class="ld ld-StarFill" style="font-size:12px;vertical-align:-0.175em;width:12px;height:12px;box-sizing:content-box" aria-hidden="true"></i><i class="ld ld-StarFill" style="font-size:12px;vertical-align:-0.175em;width:12px;height:12px;box-sizing:content-box" aria-hidden="true"></i><i class="ld ld-StarFill" style="font-size:12px;vertical-align:-0.175em;width:12px;height:12px;box-sizing:content-box" aria-hidden="true"></i><i class="ld ld-Star" style="font-size:12px;vertical-align:-0.175em;width:12px;height:12px;box-sizing:content-box" aria-hidden="true"></i></span><span class="sans-serif gray f7" aria-hidden="true" data-testid="product-reviews" data-value="13">13</span><span class="w_q67L">4.1538 out of 5 stars. 13 reviews</span></div><div class="flex items-center mv2"><div class="f7 mr1 blue b lh-copy">Free Delivery with</div><img loading="lazy" class="flex" src="//i5.walmartimages.com/dfw/3ccc2d91-49dd/k2-_2dc6530f-2ead-40b6-8ec8-fedc1c0c8978.v1.png" alt="Walmart Plus" height="20" width="auto"></div><div class="mb2 mt2"><span class="w_q67L">Available for Pickup or Delivery tomorrow</span><span class="w_SrYk w_2ioM w_DNAl w_OAJ4 w_GNSW mr1 mt1 ph1" aria-hidden="true">Pickup</span><span class="w_SrYk w_2ioM w_DNAl w_OAJ4 w_GNSW mr1 mt1 ph1" aria-hidden="true">Delivery tomorrow</span></div></div></div></div></div></div></div><div class="mb0 ph0-xl pt0-xl bb b--near-white w-25 pb3-m ph1"><div class="h-100 pr4-xl pb1-xl pv1 ph1" style="contain-intrinsic-size:198px 340px" io-id="6000203013521"><div role="group" data-item-id="6000203013521" class="sans-serif mid-gray relative flex flex-column w-100 hide-child-opacity"><a link-identifier="6000203013522" class="w-100 h-100 z-1 hide-sibling-opacity  absolute" target="" href="/en/ip/PopCorners-White-Cheddar-Flavoured-Popped-Corn-Chips/6000203013522?selectedSellerId=0&amp;from=/search"><span class="w_q67L">PopCorners White Cheddar Flavoured Popped-Corn Chips, 142 GM<!-- --> </span></a><div class="" data-testid="list-view"><div class=""><div class="relative"><div class="h3 relative nowrap mb2 overflow-hidden"><span class="w_SrYk w_TBvN w_O_Dq tag-leading-badge" style="color:#9b1419;box-shadow:inset 0 0 0 1px #9b1419">3 for $10</span><button class="w_eEg0 w_KJ_i w_w8Y1 relative top-0 pl1 pr0 z-2" type="button" aria-label="3 for $10. View eligible mix and match items." name="View all">View all</button></div><div class="relative"><div class="relative overflow-hidden" style="max-width:290px;height:0;padding-bottom:min(290px, 100%);align-self:center;width:min(290px, 100%)"><span><button type="button" class="bg-white pointer pa0 black bn mt1 mr1 pa1 br4 absolute top-0 right-0 z-2" data-automation-id="heart-item" aria-label="Add to Favourites list, PopCorners White Cheddar Flavoured Popped-Corn Chips, 142 GM" style="width: 32px; height: 32px;"><i class="ld ld-Heart  " aria-hidden="true" style="font-size: 1.5rem; vertical-align: -0.25em; padding-top: 1px; width: 1.5rem; height: 1.5rem; box-sizing: content-box;"></i></button></span><img loading="lazy" srcset="https://i5.walmartimages.com/asr/199b432a-d91e-4353-be6b-a6c82c68ccf8.4ba74f0253b29fb1f1c806f7c85346ef.jpeg?odnHeight=290&amp;odnWidth=290&amp;odnBg=FFFFFF 1x, https://i5.walmartimages.com/asr/199b432a-d91e-4353-be6b-a6c82c68ccf8.4ba74f0253b29fb1f1c806f7c85346ef.jpeg?odnHeight=580&amp;odnWidth=580&amp;odnBg=FFFFFF 2x" src="https://i5.walmartimages.com/asr/199b432a-d91e-4353-be6b-a6c82c68ccf8.4ba74f0253b29fb1f1c806f7c85346ef.jpeg?odnHeight=580&amp;odnWidth=580&amp;odnBg=FFFFFF" id="is-0-productImage-9" width="" height="" class="absolute top-0 left-0" data-testid="productTileImage" alt="PopCorners White Cheddar Flavoured Popped-Corn Chips, 142 GM" style="height:100%;left:50%;top:50%;transform:translate(-50%, -50%);object-fit:contain"></div><div class="z-2 absolute bottom--1"><div class="relative dib" data-id="6000203013521"><button class="w_eEg0 w_OoNT w_4QgR pointer bn sans-serif b ph2 flex items-center justify-center w-auto shadow-1" type="button" data-pcss-hide="true" data-automation-id="add-to-cart" aria-label="Add to cart - PopCorners White Cheddar Flavoured Popped-Corn Chips, 142 GM"><i class="ld ld-Plus" style="font-size:1.5rem;vertical-align:-0.25em;width:1.5rem;height:1.5rem;box-sizing:content-box" title="add to cart"></i><span class="mr2">Add</span></button></div></div></div><div class="mt5 mb0" style="height:24px" data-testid="variant-6000203013521"></div></div><div class=""><div data-automation-id="product-price" class="flex flex-wrap justify-start items-center lh-title mb1"><div class="mr1 mr2-xl b black lh-copy f5 f4-l" aria-hidden="true">$4.97</div><span class="w_q67L">current price $4.97</span><div class="gray mr1 f7 f6-l">$3.50/100g</div></div><div class="mb1 mt2 b f6 black mr1 lh-copy">PopCorners</div><span class="w_vi_D" style="-webkit-line-clamp:3;padding-bottom:0em;margin-bottom:-0em"><span data-automation-id="product-title" class="normal dark-gray mb0 mt1 lh-title f6 f5-l lh-copy">PopCorners White Cheddar Flavoured Popped-Corn Chips, 142 GM</span></span><div class="flex items-center mt2"><span class="black inline-flex mr1" data-testid="product-ratings" data-value="4.0462"><i class="ld ld-StarFill" style="font-size:12px;vertical-align:-0.175em;width:12px;height:12px;box-sizing:content-box" aria-hidden="true"></i><i class="ld ld-StarFill" style="font-size:12px;vertical-align:-0.175em;width:12px;height:12px;box-sizing:content-box" aria-hidden="true"></i><i class="ld ld-StarFill" style="font-size:12px;vertical-align:-0.175em;width:12px;height:12px;box-sizing:content-box" aria-hidden="true"></i><i class="ld ld-StarFill" style="font-size:12px;vertical-align:-0.175em;width:12px;height:12px;box-sizing:content-box" aria-hidden="true"></i><i class="ld ld-Star" style="font-size:12px;vertical-align:-0.175em;width:12px;height:12px;box-sizing:content-box" aria-hidden="true"></i></span><span class="sans-serif gray f7" aria-hidden="true" data-testid="product-reviews" data-value="325">325</span><span class="w_q67L">4.0462 out of 5 stars. 325 reviews</span></div><div class="flex items-center mv2"><div class="f7 mr1 blue b lh-copy">Free Delivery with</div><img loading="lazy" class="flex" src="//i5.walmartimages.com/dfw/3ccc2d91-49dd/k2-_2dc6530f-2ead-40b6-8ec8-fedc1c0c8978.v1.png" alt="Walmart Plus" height="20" width="auto"></div><div class="mb2 mt2"><span class="w_q67L">Available for Pickup or Delivery tomorrow</span><span class="w_SrYk w_2ioM w_DNAl w_OAJ4 w_GNSW mr1 mt1 ph1" aria-hidden="true">Pickup</span><span class="w_SrYk w_2ioM w_DNAl w_OAJ4 w_GNSW mr1 mt1 ph1" aria-hidden="true">Delivery tomorrow</span></div></div></div></div></div></div></div><div class="mb0 ph0-xl pt0-xl bb b--near-white w-25 pb3-m ph1"><div class="h-100 pr4-xl pb1-xl pv1 ph1" io-id="6000203013524" style="contain-intrinsic-size: 198px 340px;"><div role="group" data-item-id="6000203013524" class="sans-serif mid-gray relative flex flex-column w-100 hide-child-opacity"><a link-identifier="6000203013525" class="w-100 h-100 z-1 hide-sibling-opacity  absolute" target="" href="/en/ip/PopCorners-Gluten-Free-Sweet-Salty-Kettle-Popped-Corn-Chips/6000203013525?selectedSellerId=0&amp;from=/search"><span class="w_q67L">PopCorners Gluten-Free Sweet &amp; Salty Kettle Popped-Corn Chips, 142 GM </span></a><div class="" data-testid="list-view"><div class=""><div class="relative"><div class="h3 relative nowrap mb2 overflow-hidden"><span class="w_SrYk w_TBvN w_O_Dq tag-leading-badge" style="color: rgb(155, 20, 25); box-shadow: rgb(155, 20, 25) 0px 0px 0px 1px inset;">3 for $10</span><button class="w_eEg0 w_KJ_i w_w8Y1 relative top-0 pl1 pr0 z-2" type="button" aria-label="3 for $10. View eligible mix and match items." name="View all">View all</button></div><div class="relative"><div class="relative overflow-hidden" style="max-width: 290px; height: 0px; padding-bottom: min(290px, 100%); align-self: center; width: min(290px, 100%);"><span><button type="button" class="bg-white pointer pa0 black bn mt1 mr1 pa1 br4 absolute top-0 right-0 z-2" data-automation-id="heart-item" aria-label="Add to Favourites list, PopCorners Gluten-Free Sweet &amp; Salty Kettle Popped-Corn Chips, 142 GM" style="width: 32px; height: 32px;"><i class="ld ld-Heart  " aria-hidden="true" style="font-size: 1.5rem; vertical-align: -0.25em; padding-top: 1px; width: 1.5rem; height: 1.5rem; box-sizing: content-box;"></i></button></span><img loading="lazy" srcset="https://i5.walmartimages.com/asr/21c89aef-2260-4ed0-b91a-59742a5ec904.4461566974f3591af3f88e61234baed6.jpeg?odnHeight=290&amp;odnWidth=290&amp;odnBg=FFFFFF 1x, https://i5.walmartimages.com/asr/21c89aef-2260-4ed0-b91a-59742a5ec904.4461566974f3591af3f88e61234baed6.jpeg?odnHeight=580&amp;odnWidth=580&amp;odnBg=FFFFFF 2x" src="https://i5.walmartimages.com/asr/21c89aef-2260-4ed0-b91a-59742a5ec904.4461566974f3591af3f88e61234baed6.jpeg?odnHeight=580&amp;odnWidth=580&amp;odnBg=FFFFFF" id="is-0-productImage-10" width="" height="" class="absolute top-0 left-0" data-testid="productTileImage" alt="PopCorners Gluten-Free Sweet &amp; Salty Kettle Popped-Corn Chips, 142 GM" style="height: 100%; left: 50%; top: 50%; transform: translate(-50%, -50%); object-fit: contain;"></div><div class="z-2 absolute bottom--1"><div class="relative dib" data-id="6000203013524"><button class="w_eEg0 w_OoNT w_4QgR pointer bn sans-serif b ph2 flex items-center justify-center w-auto shadow-1" type="button" data-pcss-hide="true" data-automation-id="add-to-cart" aria-label="Add to cart - PopCorners Gluten-Free Sweet &amp; Salty Kettle Popped-Corn Chips, 142 GM"><i class="ld ld-Plus" title="add to cart" style="font-size: 1.5rem; vertical-align: -0.25em; width: 1.5rem; height: 1.5rem; box-sizing: content-box;"></i><span class="mr2">Add</span></button></div></div></div><div class="mt5 mb0" data-testid="variant-6000203013524" style="height: 24px;"></div></div><div class=""><div data-automation-id="product-price" class="flex flex-wrap justify-start items-center lh-title mb1"><div class="mr1 mr2-xl b black lh-copy f5 f4-l" aria-hidden="true">$4.97</div><span class="w_q67L">current price $4.97</span><div class="gray mr1 f7 f6-l">$3.50/100g</div></div><div class="mb1 mt2 b f6 black mr1 lh-copy">PopCorners</div><span class="w_vi_D" style="-webkit-line-clamp: 3; padding-bottom: 0em; margin-bottom: 0em;"><span data-automation-id="product-title" class="normal dark-gray mb0 mt1 lh-title f6 f5-l lh-copy">PopCorners Gluten-Free Sweet &amp; Salty Kettle Popped-Corn Chips, 142 GM</span></span><div class="flex items-center mt2"><span class="black inline-flex mr1" data-testid="product-ratings" data-value="4.496"><i class="ld ld-StarFill" aria-hidden="true" style="font-size: 12px; vertical-align: -0.175em; width: 12px; height: 12px; box-sizing: content-box;"></i><i class="ld ld-StarFill" aria-hidden="true" style="font-size: 12px; vertical-align: -0.175em; width: 12px; height: 12px; box-sizing: content-box;"></i><i class="ld ld-StarFill" aria-hidden="true" style="font-size: 12px; vertical-align: -0.175em; width: 12px; height: 12px; box-sizing: content-box;"></i><i class="ld ld-StarFill" aria-hidden="true" style="font-size: 12px; vertical-align: -0.175em; width: 12px; height: 12px; box-sizing: content-box;"></i><i class="ld ld-StarHalf" aria-hidden="true" style="font-size: 12px; vertical-align: -0.175em; width: 12px; height: 12px; box-sizing: content-box;"></i></span><span class="sans-serif gray f7" aria-hidden="true" data-testid="product-reviews" data-value="371">371</span><span class="w_q67L">4.496 out of 5 stars. 371 reviews</span></div><div class="flex items-center mv2"><div class="f7 mr1 blue b lh-copy">Free Delivery with</div><img loading="lazy" class="flex" src="//i5.walmartimages.com/dfw/3ccc2d91-49dd/k2-_2dc6530f-2ead-40b6-8ec8-fedc1c0c8978.v1.png" alt="Walmart Plus" height="20" width="auto"></div><div class="mb2 mt2"><span class="w_q67L">Available for Pickup or Delivery tomorrow</span><span class="w_SrYk w_2ioM w_DNAl w_OAJ4 w_GNSW mr1 mt1 ph1" aria-hidden="true">Pickup</span><span class="w_SrYk w_2ioM w_DNAl w_OAJ4 w_GNSW mr1 mt1 ph1" aria-hidden="true">Delivery tomorrow</span></div></div></div></div></div></div></div><div class="mb0 ph0-xl pt0-xl bb b--near-white w-25 pb3-m ph1"><div class="h-100 pr4-xl pb1-xl pv1 ph1" io-id="6000196216809" style="contain-intrinsic-size: 198px 340px;"><div role="group" data-item-id="6000196216809" class="sans-serif mid-gray relative flex flex-column w-100 hide-child-opacity"><a link-identifier="6000196216810" class="w-100 h-100 z-1 hide-sibling-opacity  absolute" target="" href="/en/ip/Simply-TOSTITOS-Blue-Corn-Tortilla-Chips/6000196216810?selectedSellerId=0&amp;from=/search"><span class="w_q67L">Simply TOSTITOS Blue Corn Tortilla Chips, 240g </span></a><div class="" data-testid="list-view"><div class=""><div class="relative"><div class="h3 relative nowrap mb2 overflow-hidden"><span class="w_SrYk w_TBvN w_O_Dq tag-leading-badge" style="color: rgb(155, 20, 25); box-shadow: rgb(155, 20, 25) 0px 0px 0px 1px inset;">3 for $10</span><button class="w_eEg0 w_KJ_i w_w8Y1 relative top-0 pl1 pr0 z-2" type="button" aria-label="3 for $10. View eligible mix and match items." name="View all">View all</button></div><div class="relative"><div class="relative overflow-hidden" style="max-width: 290px; height: 0px; padding-bottom: min(290px, 100%); align-self: center; width: min(290px, 100%);"><span><button type="button" class="bg-white pointer pa0 black bn mt1 mr1 pa1 br4 absolute top-0 right-0 z-2" data-automation-id="heart-item" aria-label="Add to Favourites list, Simply TOSTITOS Blue Corn Tortilla Chips, 240g" style="width: 32px; height: 32px;"><i class="ld ld-Heart  " aria-hidden="true" style="font-size: 1.5rem; vertical-align: -0.25em; padding-top: 1px; width: 1.5rem; height: 1.5rem; box-sizing: content-box;"></i></button></span><img loading="lazy" srcset="https://i5.walmartimages.com/asr/4826c224-b265-4acb-9bdd-32ab6841b81c.b22610c17805d148c4874abcedb5f19f.jpeg?odnHeight=290&amp;odnWidth=290&amp;odnBg=FFFFFF 1x, https://i5.walmartimages.com/asr/4826c224-b265-4acb-9bdd-32ab6841b81c.b22610c17805d148c4874abcedb5f19f.jpeg?odnHeight=580&amp;odnWidth=580&amp;odnBg=FFFFFF 2x" src="https://i5.walmartimages.com/asr/4826c224-b265-4acb-9bdd-32ab6841b81c.b22610c17805d148c4874abcedb5f19f.jpeg?odnHeight=580&amp;odnWidth=580&amp;odnBg=FFFFFF" id="is-0-productImage-11" width="" height="" class="absolute top-0 left-0" data-testid="productTileImage" alt="Simply TOSTITOS Blue Corn Tortilla Chips, 240g" style="height: 100%; left: 50%; top: 50%; transform: translate(-50%, -50%); object-fit: contain;"></div><div class="z-2 absolute bottom--1"><div class="relative dib" data-id="6000196216809"><button class="w_eEg0 w_OoNT w_4QgR pointer bn sans-serif b ph2 flex items-center justify-center w-auto shadow-1" type="button" data-pcss-hide="true" data-automation-id="add-to-cart" aria-label="Add to cart - Simply TOSTITOS Blue Corn Tortilla Chips, 240g"><i class="ld ld-Plus" title="add to cart" style="font-size: 1.5rem; vertical-align: -0.25em; width: 1.5rem; height: 1.5rem; box-sizing: content-box;"></i><span class="mr2">Add</span></button></div></div></div><div class="mt5 mb0" data-testid="variant-6000196216809" style="height: 24px;"></div></div><div class=""><div data-automation-id="product-price" class="flex flex-wrap justify-start items-center lh-title mb1"><div class="mr1 mr2-xl b black lh-copy f5 f4-l" aria-hidden="true">$4.97</div><span class="w_q67L">current price $4.97</span><div class="gray mr1 f7 f6-l">$2.07/100g</div></div><div class="mb1 mt2 b f6 black mr1 lh-copy">Tostitos</div><span class="w_vi_D" style="-webkit-line-clamp: 3; padding-bottom: 0em; margin-bottom: 0em;"><span data-automation-id="product-title" class="normal dark-gray mb0 mt1 lh-title f6 f5-l lh-copy">Simply TOSTITOS Blue Corn Tortilla Chips, 240g</span></span><div class="flex items-center mt2"><span class="black inline-flex mr1" data-testid="product-ratings" data-value="4.4341"><i class="ld ld-StarFill" aria-hidden="true" style="font-size: 12px; vertical-align: -0.175em; width: 12px; height: 12px; box-sizing: content-box;"></i><i class="ld ld-StarFill" aria-hidden="true" style="font-size: 12px; vertical-align: -0.175em; width: 12px; height: 12px; box-sizing: content-box;"></i><i class="ld ld-StarFill" aria-hidden="true" style="font-size: 12px; vertical-align: -0.175em; width: 12px; height: 12px; box-sizing: content-box;"></i><i class="ld ld-StarFill" aria-hidden="true" style="font-size: 12px; vertical-align: -0.175em; width: 12px; height: 12px; box-sizing: content-box;"></i><i class="ld ld-StarHalf" aria-hidden="true" style="font-size: 12px; vertical-align: -0.175em; width: 12px; height: 12px; box-sizing: content-box;"></i></span><span class="sans-serif gray f7" aria-hidden="true" data-testid="product-reviews" data-value="258">258</span><span class="w_q67L">4.4341 out of 5 stars. 258 reviews</span></div><div class="flex items-center mv2"><div class="f7 mr1 blue b lh-copy">Free Delivery with</div><img loading="lazy" class="flex" src="//i5.walmartimages.com/dfw/3ccc2d91-49dd/k2-_2dc6530f-2ead-40b6-8ec8-fedc1c0c8978.v1.png" alt="Walmart Plus" height="20" width="auto"></div><div class="mb2 mt2"><span class="w_q67L">Available for Pickup or Delivery tomorrow</span><span class="w_SrYk w_2ioM w_DNAl w_OAJ4 w_GNSW mr1 mt1 ph1" aria-hidden="true">Pickup</span><span class="w_SrYk w_2ioM w_DNAl w_OAJ4 w_GNSW mr1 mt1 ph1" aria-hidden="true">Delivery tomorrow</span></div></div></div></div></div></div></div><div class="mb0 ph0-xl pt0-xl bb b--near-white w-25 pb3-m ph1"><div class="h-100 pr4-xl pb1-xl pv1 ph1" io-id="6000188769889" style="contain-intrinsic-size: 198px 340px;"><div role="group" data-item-id="6000188769889" class="sans-serif mid-gray relative flex flex-column w-100 hide-child-opacity"><a link-identifier="6000188769890" class="w-100 h-100 z-1 hide-sibling-opacity  absolute" target="" href="/en/ip/Old-Fashioned-Style-Chicharon/6000188769890?selectedSellerId=0&amp;from=/search"><span class="w_q67L">Old Fashioned Style Chicharon, Fried pork rinds. </span></a><div class="" data-testid="list-view"><div class=""><div class=""><div class="h2 relative nowrap mb2"></div><div class="relative"><div class="relative overflow-hidden" style="max-width: 290px; height: 0px; padding-bottom: min(290px, 100%); align-self: center; width: min(290px, 100%);"><span><button type="button" class="bg-white pointer pa0 black bn mt1 mr1 pa1 br4 absolute top-0 right-0 z-2" data-automation-id="heart-item" aria-label="Add to Favourites list, Old Fashioned Style Chicharon, Fried pork rinds." style="width: 32px; height: 32px;"><i class="ld ld-Heart  " aria-hidden="true" style="font-size: 1.5rem; vertical-align: -0.25em; padding-top: 1px; width: 1.5rem; height: 1.5rem; box-sizing: content-box;"></i></button></span><img loading="lazy" srcset="https://i5.walmartimages.com/asr/a552a9ea-2be1-4e84-98ba-0e40bc623e4f.0d7bfcfd5678fb6799014206edf9db04.jpeg?odnHeight=290&amp;odnWidth=290&amp;odnBg=FFFFFF 1x, https://i5.walmartimages.com/asr/a552a9ea-2be1-4e84-98ba-0e40bc623e4f.0d7bfcfd5678fb6799014206edf9db04.jpeg?odnHeight=580&amp;odnWidth=580&amp;odnBg=FFFFFF 2x" src="https://i5.walmartimages.com/asr/a552a9ea-2be1-4e84-98ba-0e40bc623e4f.0d7bfcfd5678fb6799014206edf9db04.jpeg?odnHeight=580&amp;odnWidth=580&amp;odnBg=FFFFFF" id="is-0-productImage-12" width="" height="" class="absolute top-0 left-0" data-testid="productTileImage" alt="Old Fashioned Style Chicharon, Fried pork rinds." style="height: 100%; left: 50%; top: 50%; transform: translate(-50%, -50%); object-fit: contain;"></div><div class="z-2 absolute bottom--1"><div class="relative dib" data-id="6000188769889"><button class="w_eEg0 w_OoNT w_4QgR pointer bn sans-serif b ph2 flex items-center justify-center w-auto shadow-1" type="button" data-pcss-hide="true" data-automation-id="add-to-cart" aria-label="Add to cart - Old Fashioned Style Chicharon, Fried pork rinds."><i class="ld ld-Plus" title="add to cart" style="font-size: 1.5rem; vertical-align: -0.25em; width: 1.5rem; height: 1.5rem; box-sizing: content-box;"></i><span class="mr2">Add</span></button></div></div></div><div class="mt5 mb0" data-testid="variant-6000188769889" style="height: 24px;"></div></div><div class=""><div data-automation-id="product-price" class="flex flex-wrap justify-start items-center lh-title mb1"><div class="mr1 mr2-xl b black lh-copy f5 f4-l" aria-hidden="true">$3.57</div><span class="w_q67L">current price $3.57</span><div class="gray mr1 f7 f6-l">$2.38/100g</div></div><div class="mb1 mt2 b f6 black mr1 lh-copy">Sunasia</div><span class="w_vi_D" style="-webkit-line-clamp: 3; padding-bottom: 0em; margin-bottom: 0em;"><span data-automation-id="product-title" class="normal dark-gray mb0 mt1 lh-title f6 f5-l lh-copy">Old Fashioned Style Chicharon, Fried pork rinds.</span></span><div class="flex items-center mt2"><span class="black inline-flex mr1" data-testid="product-ratings" data-value="3.8667"><i class="ld ld-StarFill" aria-hidden="true" style="font-size: 12px; vertical-align: -0.175em; width: 12px; height: 12px; box-sizing: content-box;"></i><i class="ld ld-StarFill" aria-hidden="true" style="font-size: 12px; vertical-align: -0.175em; width: 12px; height: 12px; box-sizing: content-box;"></i><i class="ld ld-StarFill" aria-hidden="true" style="font-size: 12px; vertical-align: -0.175em; width: 12px; height: 12px; box-sizing: content-box;"></i><i class="ld ld-StarFill" aria-hidden="true" style="font-size: 12px; vertical-align: -0.175em; width: 12px; height: 12px; box-sizing: content-box;"></i><i class="ld ld-Star" aria-hidden="true" style="font-size: 12px; vertical-align: -0.175em; width: 12px; height: 12px; box-sizing: content-box;"></i></span><span class="sans-serif gray f7" aria-hidden="true" data-testid="product-reviews" data-value="45">45</span><span class="w_q67L">3.8667 out of 5 stars. 45 reviews</span></div><div class="flex items-center mv2"><div class="f7 mr1 blue b lh-copy">Free Delivery with</div><img loading="lazy" class="flex" src="//i5.walmartimages.com/dfw/3ccc2d91-49dd/k2-_2dc6530f-2ead-40b6-8ec8-fedc1c0c8978.v1.png" alt="Walmart Plus" height="20" width="auto"></div><div class="mb2 mt2"><span class="w_q67L">Available for Pickup or Delivery tomorrow</span><span class="w_SrYk w_2ioM w_DNAl w_OAJ4 w_GNSW mr1 mt1 ph1" aria-hidden="true">Pickup</span><span class="w_SrYk w_2ioM w_DNAl w_OAJ4 w_GNSW mr1 mt1 ph1" aria-hidden="true">Delivery tomorrow</span></div></div></div></div></div></div></div><div class="mb0 ph0-xl pt0-xl bb b--near-white w-25 pb3-m ph1"><div class="h-100 pr4-xl pb1-xl pv1 ph1" io-id="6000201208607" style="contain-intrinsic-size: 198px 340px;"><div role="group" data-item-id="6000201208607" class="sans-serif mid-gray relative flex flex-column w-100 hide-child-opacity"><a link-identifier="6000201208610" class="w-100 h-100 z-1 hide-sibling-opacity  absolute" target="" href="/en/ip/Ruffles-Sour-Cream-n-Onion-Flavoured-Potato-Chips/6000201208610?selectedSellerId=0&amp;from=/search"><span class="w_q67L">Ruffles Sour Cream 'n Onion Flavoured Potato Chips, 200g </span></a><div class="" data-testid="list-view"><div class=""><div class=""><div class="h2 relative nowrap mb2"></div><div class="relative"><div class="relative overflow-hidden" style="max-width: 290px; height: 0px; padding-bottom: min(290px, 100%); align-self: center; width: min(290px, 100%);"><span><button type="button" class="bg-white pointer pa0 black bn mt1 mr1 pa1 br4 absolute top-0 right-0 z-2" data-automation-id="heart-item" aria-label="Add to Favourites list, Ruffles Sour Cream 'n Onion Flavoured Potato Chips, 200g" style="width: 32px; height: 32px;"><i class="ld ld-Heart  " aria-hidden="true" style="font-size: 1.5rem; vertical-align: -0.25em; padding-top: 1px; width: 1.5rem; height: 1.5rem; box-sizing: content-box;"></i></button></span><img loading="lazy" srcset="https://i5.walmartimages.com/asr/0fec516b-339a-4105-ac8e-ae9fb7f8608f.b908619f72efefc30f44f132aee1a779.jpeg?odnHeight=290&amp;odnWidth=290&amp;odnBg=FFFFFF 1x, https://i5.walmartimages.com/asr/0fec516b-339a-4105-ac8e-ae9fb7f8608f.b908619f72efefc30f44f132aee1a779.jpeg?odnHeight=580&amp;odnWidth=580&amp;odnBg=FFFFFF 2x" src="https://i5.walmartimages.com/asr/0fec516b-339a-4105-ac8e-ae9fb7f8608f.b908619f72efefc30f44f132aee1a779.jpeg?odnHeight=580&amp;odnWidth=580&amp;odnBg=FFFFFF" id="is-0-productImage-13" width="" height="" class="absolute top-0 left-0" data-testid="productTileImage" alt="Ruffles Sour Cream 'n Onion Flavoured Potato Chips, 200g" style="height: 100%; left: 50%; top: 50%; transform: translate(-50%, -50%); object-fit: contain;"></div><div class="z-2 absolute bottom--1"><div class="relative dib" data-id="6000201208607"><button class="w_eEg0 w_OoNT w_4QgR pointer bn sans-serif b ph2 flex items-center justify-center w-auto shadow-1" type="button" data-pcss-hide="true" data-automation-id="add-to-cart" aria-label="Add to cart - Ruffles Sour Cream 'n Onion Flavoured Potato Chips, 200g"><i class="ld ld-Plus" title="add to cart" style="font-size: 1.5rem; vertical-align: -0.25em; width: 1.5rem; height: 1.5rem; box-sizing: content-box;"></i><span class="mr2">Add</span></button></div></div></div><div class="mt5 mb0" data-testid="variant-6000201208607" style="height: 24px;"></div></div><div class=""><div data-automation-id="product-price" class="flex flex-wrap justify-start items-center lh-title mb1"><div class="mr1 mr2-xl b black lh-copy f5 f4-l" aria-hidden="true">$4.47</div><span class="w_q67L">current price $4.47</span><div class="gray mr1 f7 f6-l">$2.24/100g</div></div><div class="mb1 mt2 b f6 black mr1 lh-copy">Ruffles</div><span class="w_vi_D" style="-webkit-line-clamp: 3; padding-bottom: 0em; margin-bottom: 0em;"><span data-automation-id="product-title" class="normal dark-gray mb0 mt1 lh-title f6 f5-l lh-copy">Ruffles Sour Cream 'n Onion Flavoured Potato Chips, 200g</span></span><div class="flex items-center mt2"><span class="black inline-flex mr1" data-testid="product-ratings" data-value="4.5759"><i class="ld ld-StarFill" aria-hidden="true" style="font-size: 12px; vertical-align: -0.175em; width: 12px; height: 12px; box-sizing: content-box;"></i><i class="ld ld-StarFill" aria-hidden="true" style="font-size: 12px; vertical-align: -0.175em; width: 12px; height: 12px; box-sizing: content-box;"></i><i class="ld ld-StarFill" aria-hidden="true" style="font-size: 12px; vertical-align: -0.175em; width: 12px; height: 12px; box-sizing: content-box;"></i><i class="ld ld-StarFill" aria-hidden="true" style="font-size: 12px; vertical-align: -0.175em; width: 12px; height: 12px; box-sizing: content-box;"></i><i class="ld ld-StarHalf" aria-hidden="true" style="font-size: 12px; vertical-align: -0.175em; width: 12px; height: 12px; box-sizing: content-box;"></i></span><span class="sans-serif gray f7" aria-hidden="true" data-testid="product-reviews" data-value="257">257</span><span class="w_q67L">4.5759 out of 5 stars. 257 reviews</span></div><div class="flex items-center mv2"><div class="f7 mr1 blue b lh-copy">Free Delivery with</div><img loading="lazy" class="flex" src="//i5.walmartimages.com/dfw/3ccc2d91-49dd/k2-_2dc6530f-2ead-40b6-8ec8-fedc1c0c8978.v1.png" alt="Walmart Plus" height="20" width="auto"></div><div class="mb2 mt2"><span class="w_q67L">Available for Pickup or Delivery tomorrow</span><span class="w_SrYk w_2ioM w_DNAl w_OAJ4 w_GNSW mr1 mt1 ph1" aria-hidden="true">Pickup</span><span class="w_SrYk w_2ioM w_DNAl w_OAJ4 w_GNSW mr1 mt1 ph1" aria-hidden="true">Delivery tomorrow</span></div></div></div></div></div></div></div><div class="mb0 ph0-xl pt0-xl bb b--near-white w-25 pb3-m ph1"><div class="h-100 pr4-xl pb1-xl pv1 ph1" io-id="6000201209461" style="contain-intrinsic-size: 198px 340px;"><div role="group" data-item-id="6000201209461" class="sans-serif mid-gray relative flex flex-column w-100 hide-child-opacity"><a link-identifier="6000201209462" class="w-100 h-100 z-1 hide-sibling-opacity  absolute" target="" href="/en/ip/Miss-Vickie-s-Original-Recipe-kettle-cooked-potato-chips/6000201209462?selectedSellerId=0&amp;from=/search"><span class="w_q67L">Miss Vickie's Original Recipe kettle cooked potato chips, 200GM </span></a><div class="" data-testid="list-view"><div class=""><div class=""><div class="h2 relative nowrap mb2"></div><div class="relative"><div class="relative overflow-hidden" style="max-width: 290px; height: 0px; padding-bottom: min(290px, 100%); align-self: center; width: min(290px, 100%);"><span><button type="button" class="bg-white pointer pa0 black bn mt1 mr1 pa1 br4 absolute top-0 right-0 z-2" data-automation-id="heart-item" aria-label="Add to Favourites list, Miss Vickie's Original Recipe kettle cooked potato chips, 200GM" style="width: 32px; height: 32px;"><i class="ld ld-Heart  " aria-hidden="true" style="font-size: 1.5rem; vertical-align: -0.25em; padding-top: 1px; width: 1.5rem; height: 1.5rem; box-sizing: content-box;"></i></button></span><img loading="lazy" srcset="https://i5.walmartimages.com/asr/25e529e7-39ed-46cb-8ce9-dd1e75774631.5836eed7e32e3863c070c78631315ae6.jpeg?odnHeight=290&amp;odnWidth=290&amp;odnBg=FFFFFF 1x, https://i5.walmartimages.com/asr/25e529e7-39ed-46cb-8ce9-dd1e75774631.5836eed7e32e3863c070c78631315ae6.jpeg?odnHeight=580&amp;odnWidth=580&amp;odnBg=FFFFFF 2x" src="https://i5.walmartimages.com/asr/25e529e7-39ed-46cb-8ce9-dd1e75774631.5836eed7e32e3863c070c78631315ae6.jpeg?odnHeight=580&amp;odnWidth=580&amp;odnBg=FFFFFF" id="is-0-productImage-14" width="" height="" class="absolute top-0 left-0" data-testid="productTileImage" alt="Miss Vickie's Original Recipe kettle cooked potato chips, 200GM" style="height: 100%; left: 50%; top: 50%; transform: translate(-50%, -50%); object-fit: contain;"></div><div class="z-2 absolute bottom--1"><div class="relative dib" data-id="6000201209461"><button class="w_eEg0 w_OoNT w_4QgR pointer bn sans-serif b ph2 flex items-center justify-center w-auto shadow-1" type="button" data-pcss-hide="true" data-automation-id="add-to-cart" aria-label="Add to cart - Miss Vickie's Original Recipe kettle cooked potato chips, 200GM"><i class="ld ld-Plus" title="add to cart" style="font-size: 1.5rem; vertical-align: -0.25em; width: 1.5rem; height: 1.5rem; box-sizing: content-box;"></i><span class="mr2">Add</span></button></div></div></div><div class="mt5 mb0" data-testid="variant-6000201209461" style="height: 24px;"></div></div><div class=""><div data-automation-id="product-price" class="flex flex-wrap justify-start items-center lh-title mb1"><div class="mr1 mr2-xl b black lh-copy f5 f4-l" aria-hidden="true">$3.97</div><span class="w_q67L">current price $3.97</span><div class="gray mr1 f7 f6-l">$1.99/100g</div></div><div class="mb1 mt2 b f6 black mr1 lh-copy">Miss Vickie's</div><span class="w_vi_D" style="-webkit-line-clamp: 3; padding-bottom: 0em; margin-bottom: 0em;"><span data-automation-id="product-title" class="normal dark-gray mb0 mt1 lh-title f6 f5-l lh-copy">Miss Vickie's Original Recipe kettle cooked potato chips, 200GM</span></span><div class="flex items-center mt2"><span class="black inline-flex mr1" data-testid="product-ratings" data-value="4.6815"><i class="ld ld-StarFill" aria-hidden="true" style="font-size: 12px; vertical-align: -0.175em; width: 12px; height: 12px; box-sizing: content-box;"></i><i class="ld ld-StarFill" aria-hidden="true" style="font-size: 12px; vertical-align: -0.175em; width: 12px; height: 12px; box-sizing: content-box;"></i><i class="ld ld-StarFill" aria-hidden="true" style="font-size: 12px; vertical-align: -0.175em; width: 12px; height: 12px; box-sizing: content-box;"></i><i class="ld ld-StarFill" aria-hidden="true" style="font-size: 12px; vertical-align: -0.175em; width: 12px; height: 12px; box-sizing: content-box;"></i><i class="ld ld-StarHalf" aria-hidden="true" style="font-size: 12px; vertical-align: -0.175em; width: 12px; height: 12px; box-sizing: content-box;"></i></span><span class="sans-serif gray f7" aria-hidden="true" data-testid="product-reviews" data-value="248">248</span><span class="w_q67L">4.6815 out of 5 stars. 248 reviews</span></div><div class="flex items-center mv2"><div class="f7 mr1 blue b lh-copy">Free Delivery with</div><img loading="lazy" class="flex" src="//i5.walmartimages.com/dfw/3ccc2d91-49dd/k2-_2dc6530f-2ead-40b6-8ec8-fedc1c0c8978.v1.png" alt="Walmart Plus" height="20" width="auto"></div><div class="mb2 mt2"><span class="w_q67L">Available for Pickup or Delivery tomorrow</span><span class="w_SrYk w_2ioM w_DNAl w_OAJ4 w_GNSW mr1 mt1 ph1" aria-hidden="true">Pickup</span><span class="w_SrYk w_2ioM w_DNAl w_OAJ4 w_GNSW mr1 mt1 ph1" aria-hidden="true">Delivery tomorrow</span></div></div></div></div></div></div></div><div class="mb0 ph0-xl pt0-xl bb b--near-white w-25 pb3-m ph1"><div class="h-100 pr4-xl pb1-xl pv1 ph1" io-id="6000200706635" style="contain-intrinsic-size: 198px 340px;"><div role="group" data-item-id="6000200706635" class="sans-serif mid-gray relative flex flex-column w-100 hide-child-opacity"><a link-identifier="6000200706636" class="w-100 h-100 z-1 hide-sibling-opacity  absolute" target="" href="/en/ip/Pringles-Party-Stack-Can-Sour-Cream-Onion-Flavour-203g/6000200706636?selectedSellerId=0&amp;from=/search"><span class="w_q67L">Pringles Party Stack Can Sour Cream &amp; Onion Flavour 203g, 203g </span></a><div class="" data-testid="list-view"><div class=""><div class=""><div class="h2 relative nowrap mb2"></div><div class="relative"><div class="relative overflow-hidden" style="max-width: 290px; height: 0px; padding-bottom: min(290px, 100%); align-self: center; width: min(290px, 100%);"><span><button type="button" class="bg-white pointer pa0 black bn mt1 mr1 pa1 br4 absolute top-0 right-0 z-2" data-automation-id="heart-item" aria-label="Add to Favourites list, Pringles Party Stack Can Sour Cream &amp; Onion Flavour 203g, 203g" style="width: 32px; height: 32px;"><i class="ld ld-Heart  " aria-hidden="true" style="font-size: 1.5rem; vertical-align: -0.25em; padding-top: 1px; width: 1.5rem; height: 1.5rem; box-sizing: content-box;"></i></button></span><img loading="lazy" srcset="https://i5.walmartimages.com/asr/34d74bed-1aa9-4c3c-81ef-e73bf2eabc59.ecdd080b6a2d78cfb1d367071415aad1.jpeg?odnHeight=290&amp;odnWidth=290&amp;odnBg=FFFFFF 1x, https://i5.walmartimages.com/asr/34d74bed-1aa9-4c3c-81ef-e73bf2eabc59.ecdd080b6a2d78cfb1d367071415aad1.jpeg?odnHeight=580&amp;odnWidth=580&amp;odnBg=FFFFFF 2x" src="https://i5.walmartimages.com/asr/34d74bed-1aa9-4c3c-81ef-e73bf2eabc59.ecdd080b6a2d78cfb1d367071415aad1.jpeg?odnHeight=580&amp;odnWidth=580&amp;odnBg=FFFFFF" id="is-0-productImage-15" width="" height="" class="absolute top-0 left-0" data-testid="productTileImage" alt="Pringles Party Stack Can Sour Cream &amp; Onion Flavour 203g, 203g" style="height: 100%; left: 50%; top: 50%; transform: translate(-50%, -50%); object-fit: contain;"></div><div class="z-2 absolute bottom--1"><div class="relative dib" data-id="6000200706635"><button class="w_eEg0 w_OoNT w_4QgR pointer bn sans-serif b ph2 flex items-center justify-center w-auto shadow-1" type="button" data-pcss-hide="true" data-automation-id="add-to-cart" aria-label="Add to cart - Pringles Party Stack Can Sour Cream &amp; Onion Flavour 203g, 203g"><i class="ld ld-Plus" title="add to cart" style="font-size: 1.5rem; vertical-align: -0.25em; width: 1.5rem; height: 1.5rem; box-sizing: content-box;"></i><span class="mr2">Add</span></button></div></div></div><div class="mt5 mb0" data-testid="variant-6000200706635" style="height: 24px;"></div></div><div class=""><div data-automation-id="product-price" class="flex flex-wrap justify-start items-center lh-title mb1"><div class="mr1 mr2-xl b black lh-copy f5 f4-l" aria-hidden="true">$2.97</div><span class="w_q67L">current price $2.97</span><div class="gray mr1 f7 f6-l">$1.46/100g</div></div><div class="mb1 mt2 b f6 black mr1 lh-copy">Pringles</div><span class="w_vi_D" style="-webkit-line-clamp: 3; padding-bottom: 0em; margin-bottom: 0em;"><span data-automation-id="product-title" class="normal dark-gray mb0 mt1 lh-title f6 f5-l lh-copy">Pringles Party Stack Can Sour Cream &amp; Onion Flavour 203g, 203g</span></span><div class="flex items-center mt2"><span class="black inline-flex mr1" data-testid="product-ratings" data-value="4.6585"><i class="ld ld-StarFill" aria-hidden="true" style="font-size: 12px; vertical-align: -0.175em; width: 12px; height: 12px; box-sizing: content-box;"></i><i class="ld ld-StarFill" aria-hidden="true" style="font-size: 12px; vertical-align: -0.175em; width: 12px; height: 12px; box-sizing: content-box;"></i><i class="ld ld-StarFill" aria-hidden="true" style="font-size: 12px; vertical-align: -0.175em; width: 12px; height: 12px; box-sizing: content-box;"></i><i class="ld ld-StarFill" aria-hidden="true" style="font-size: 12px; vertical-align: -0.175em; width: 12px; height: 12px; box-sizing: content-box;"></i><i class="ld ld-StarHalf" aria-hidden="true" style="font-size: 12px; vertical-align: -0.175em; width: 12px; height: 12px; box-sizing: content-box;"></i></span><span class="sans-serif gray f7" aria-hidden="true" data-testid="product-reviews" data-value="82">82</span><span class="w_q67L">4.6585 out of 5 stars. 82 reviews</span></div><div class="flex items-center mv2"><div class="f7 mr1 blue b lh-copy">Free Delivery with</div><img loading="lazy" class="flex" src="//i5.walmartimages.com/dfw/3ccc2d91-49dd/k2-_2dc6530f-2ead-40b6-8ec8-fedc1c0c8978.v1.png" alt="Walmart Plus" height="20" width="auto"></div><div class="mb2 mt2"><span class="w_q67L">Available for Pickup or Delivery tomorrow</span><span class="w_SrYk w_2ioM w_DNAl w_OAJ4 w_GNSW mr1 mt1 ph1" aria-hidden="true">Pickup</span><span class="w_SrYk w_2ioM w_DNAl w_OAJ4 w_GNSW mr1 mt1 ph1" aria-hidden="true">Delivery tomorrow</span></div></div></div></div></div></div></div><div id="search-MarqueeDisplayAd-marquee1-intl-ad-wrapper" class="pa0 w-100" style="max-width: 1280px; margin: 0px auto;"><div class="w_oz0G pa0" id="search-MarqueeDisplayAd-marquee1"><span data-testid="lazy-render" data-rendered="false"></span></div></div><div class="mb0 ph0-xl pt0-xl bb b--near-white w-25 pb3-m ph1"><div class="h-100 pr4-xl pb1-xl pv1 ph1" io-id="6000196601516" style="contain-intrinsic-size: 198px 340px;"><div role="group" data-item-id="6000196601516" class="sans-serif mid-gray relative flex flex-column w-100 hide-child-opacity"><a link-identifier="6000196601517" class="w-100 h-100 z-1 hide-sibling-opacity  absolute" target="" href="/en/ip/Pringles-Original-Potato-Chips-148-G/6000196601517?selectedSellerId=0&amp;from=/search"><span class="w_q67L">Pringles Original Potato Chips 148 G, 148g </span></a><div class="" data-testid="list-view"><div class=""><div class="relative"><div class="h3 relative nowrap mb2 overflow-hidden"><span class="w_SrYk w_TBvN w_O_Dq tag-leading-badge" style="color: rgb(155, 20, 25); box-shadow: rgb(155, 20, 25) 0px 0px 0px 1px inset;">2 for $5</span><button class="w_eEg0 w_KJ_i w_w8Y1 relative top-0 pl1 pr0 z-2" type="button" aria-label="2 for $5. View eligible mix and match items." name="View all">View all</button></div><div class="relative"><div class="relative overflow-hidden" style="max-width: 290px; height: 0px; padding-bottom: min(290px, 100%); align-self: center; width: min(290px, 100%);"><span><button type="button" class="bg-white pointer pa0 black bn mt1 mr1 pa1 br4 absolute top-0 right-0 z-2" data-automation-id="heart-item" aria-label="Add to Favourites list, Pringles Original Potato Chips 148 G, 148g" style="width: 32px; height: 32px;"><i class="ld ld-Heart  " aria-hidden="true" style="font-size: 1.5rem; vertical-align: -0.25em; padding-top: 1px; width: 1.5rem; height: 1.5rem; box-sizing: content-box;"></i></button></span><img loading="lazy" srcset="https://i5.walmartimages.com/asr/454ab920-ddee-40b7-9018-81d32c123628.bb15a239fc8d0717e9a5e5e5b7fd6ce0.jpeg?odnHeight=290&amp;odnWidth=290&amp;odnBg=FFFFFF 1x, https://i5.walmartimages.com/asr/454ab920-ddee-40b7-9018-81d32c123628.bb15a239fc8d0717e9a5e5e5b7fd6ce0.jpeg?odnHeight=580&amp;odnWidth=580&amp;odnBg=FFFFFF 2x" src="https://i5.walmartimages.com/asr/454ab920-ddee-40b7-9018-81d32c123628.bb15a239fc8d0717e9a5e5e5b7fd6ce0.jpeg?odnHeight=580&amp;odnWidth=580&amp;odnBg=FFFFFF" id="is-0-productImage-17" width="" height="" class="absolute top-0 left-0" data-testid="productTileImage" alt="Pringles Original Potato Chips 148 G, 148g" style="height: 100%; left: 50%; top: 50%; transform: translate(-50%, -50%); object-fit: contain;"></div><div class="z-2 absolute bottom--1"><div class="relative dib" data-id="6000196601516"><button class="w_eEg0 w_OoNT w_4QgR pointer bn sans-serif b ph2 flex items-center justify-center w-auto shadow-1" type="button" data-pcss-hide="true" data-automation-id="add-to-cart" aria-label="Add to cart - Pringles Original Potato Chips 148 G, 148g"><i class="ld ld-Plus" title="add to cart" style="font-size: 1.5rem; vertical-align: -0.25em; width: 1.5rem; height: 1.5rem; box-sizing: content-box;"></i><span class="mr2">Add</span></button></div></div></div><div class="mt5 mb0" data-testid="variant-6000196601516" style="height: 24px;"></div></div><div class=""><div data-automation-id="product-price" class="flex flex-wrap justify-start items-center lh-title mb1"><div class="mr1 mr2-xl b black lh-copy f5 f4-l" aria-hidden="true">$2.98</div><span class="w_q67L">current price $2.98</span><div class="gray mr1 f7 f6-l">$2.01/100g</div></div><div class="mb1 mt2 b f6 black mr1 lh-copy">Pringles</div><span class="w_vi_D" style="-webkit-line-clamp: 3; padding-bottom: 0em; margin-bottom: 0em;"><span data-automation-id="product-title" class="normal dark-gray mb0 mt1 lh-title f6 f5-l lh-copy">Pringles Original Potato Chips 148 G, 148g</span></span><div class="flex items-center mt2"><span class="black inline-flex mr1" data-testid="product-ratings" data-value="4.4353"><i class="ld ld-StarFill" aria-hidden="true" style="font-size: 12px; vertical-align: -0.175em; width: 12px; height: 12px; box-sizing: content-box;"></i><i class="ld ld-StarFill" aria-hidden="true" style="font-size: 12px; vertical-align: -0.175em; width: 12px; height: 12px; box-sizing: content-box;"></i><i class="ld ld-StarFill" aria-hidden="true" style="font-size: 12px; vertical-align: -0.175em; width: 12px; height: 12px; box-sizing: content-box;"></i><i class="ld ld-StarFill" aria-hidden="true" style="font-size: 12px; vertical-align: -0.175em; width: 12px; height: 12px; box-sizing: content-box;"></i><i class="ld ld-StarHalf" aria-hidden="true" style="font-size: 12px; vertical-align: -0.175em; width: 12px; height: 12px; box-sizing: content-box;"></i></span><span class="sans-serif gray f7" aria-hidden="true" data-testid="product-reviews" data-value="170">170</span><span class="w_q67L">4.4353 out of 5 stars. 170 reviews</span></div><div class="flex items-center mv2"><div class="f7 mr1 blue b lh-copy">Free Delivery with</div><img loading="lazy" class="flex" src="//i5.walmartimages.com/dfw/3ccc2d91-49dd/k2-_2dc6530f-2ead-40b6-8ec8-fedc1c0c8978.v1.png" alt="Walmart Plus" height="20" width="auto"></div><div class="mb2 mt2"><span class="w_q67L">Available for Pickup or Delivery tomorrow</span><span class="w_SrYk w_2ioM w_DNAl w_OAJ4 w_GNSW mr1 mt1 ph1" aria-hidden="true">Pickup</span><span class="w_SrYk w_2ioM w_DNAl w_OAJ4 w_GNSW mr1 mt1 ph1" aria-hidden="true">Delivery tomorrow</span></div></div></div></div></div></div></div><div class="mb0 ph0-xl pt0-xl bb b--near-white w-25 pb3-m ph1"><div class="h-100 pr4-xl pb1-xl pv1 ph1" io-id="6000201549049" style="contain-intrinsic-size: 198px 340px;"><div role="group" data-item-id="6000201549049" class="sans-serif mid-gray relative flex flex-column w-100 hide-child-opacity"><a link-identifier="6000201549050" class="w-100 h-100 z-1 hide-sibling-opacity  absolute" target="" href="/en/ip/Delicious-Kitchen-Roasted-Seaweed-Snacks/6000201549050?selectedSellerId=0&amp;from=/search"><span class="w_q67L">Delicious Kitchen Roasted Seaweed Snacks, 60 g ( 12 x 5 g) </span></a><div class="" data-testid="list-view"><div class=""><div class=""><div class="h2 relative nowrap mb2"></div><div class="relative"><div class="relative overflow-hidden" style="max-width: 290px; height: 0px; padding-bottom: min(290px, 100%); align-self: center; width: min(290px, 100%);"><span><button type="button" class="bg-white pointer pa0 black bn mt1 mr1 pa1 br4 absolute top-0 right-0 z-2" data-automation-id="heart-item" aria-label="Add to Favourites list, Delicious Kitchen Roasted Seaweed Snacks, 60 g ( 12 x 5 g)" style="width: 32px; height: 32px;"><i class="ld ld-Heart  " aria-hidden="true" style="font-size: 1.5rem; vertical-align: -0.25em; padding-top: 1px; width: 1.5rem; height: 1.5rem; box-sizing: content-box;"></i></button></span><img loading="lazy" srcset="https://i5.walmartimages.com/asr/ed4c8dd6-45db-4542-9712-e9240a8d071d.e5fe1a82d6d04e0511c29744b570b101.jpeg?odnHeight=290&amp;odnWidth=290&amp;odnBg=FFFFFF 1x, https://i5.walmartimages.com/asr/ed4c8dd6-45db-4542-9712-e9240a8d071d.e5fe1a82d6d04e0511c29744b570b101.jpeg?odnHeight=580&amp;odnWidth=580&amp;odnBg=FFFFFF 2x" src="https://i5.walmartimages.com/asr/ed4c8dd6-45db-4542-9712-e9240a8d071d.e5fe1a82d6d04e0511c29744b570b101.jpeg?odnHeight=580&amp;odnWidth=580&amp;odnBg=FFFFFF" id="is-0-productImage-18" width="" height="" class="absolute top-0 left-0" data-testid="productTileImage" alt="Delicious Kitchen Roasted Seaweed Snacks, 60 g ( 12 x 5 g)" style="height: 100%; left: 50%; top: 50%; transform: translate(-50%, -50%); object-fit: contain;"></div><div class="z-2 absolute bottom--1"><div class="relative dib" data-id="6000201549049"><button class="w_eEg0 w_OoNT w_4QgR pointer bn sans-serif b ph2 flex items-center justify-center w-auto shadow-1" type="button" data-pcss-hide="true" data-automation-id="add-to-cart" aria-label="Add to cart - Delicious Kitchen Roasted Seaweed Snacks, 60 g ( 12 x 5 g)"><i class="ld ld-Plus" title="add to cart" style="font-size: 1.5rem; vertical-align: -0.25em; width: 1.5rem; height: 1.5rem; box-sizing: content-box;"></i><span class="mr2">Add</span></button></div></div></div><div class="mt5 mb0" data-testid="variant-6000201549049" style="height: 24px;"></div></div><div class=""><div data-automation-id="product-price" class="flex flex-wrap justify-start items-center lh-title mb1"><div class="mr1 mr2-xl b black lh-copy f5 f4-l" aria-hidden="true">$5.97</div><span class="w_q67L">current price $5.97</span><div class="gray mr1 f7 f6-l">$9.95/100g</div></div><div class="mb1 mt2 b f6 black mr1 lh-copy">Delicious Kitchen</div><span class="w_vi_D" style="-webkit-line-clamp: 3; padding-bottom: 0em; margin-bottom: 0em;"><span data-automation-id="product-title" class="normal dark-gray mb0 mt1 lh-title f6 f5-l lh-copy">Delicious Kitchen Roasted Seaweed Snacks, 60 g ( 12 x 5 g)</span></span><div class="flex items-center mt2"><span class="black inline-flex mr1" data-testid="product-ratings" data-value="4.602"><i class="ld ld-StarFill" aria-hidden="true" style="font-size: 12px; vertical-align: -0.175em; width: 12px; height: 12px; box-sizing: content-box;"></i><i class="ld ld-StarFill" aria-hidden="true" style="font-size: 12px; vertical-align: -0.175em; width: 12px; height: 12px; box-sizing: content-box;"></i><i class="ld ld-StarFill" aria-hidden="true" style="font-size: 12px; vertical-align: -0.175em; width: 12px; height: 12px; box-sizing: content-box;"></i><i class="ld ld-StarFill" aria-hidden="true" style="font-size: 12px; vertical-align: -0.175em; width: 12px; height: 12px; box-sizing: content-box;"></i><i class="ld ld-StarHalf" aria-hidden="true" style="font-size: 12px; vertical-align: -0.175em; width: 12px; height: 12px; box-sizing: content-box;"></i></span><span class="sans-serif gray f7" aria-hidden="true" data-testid="product-reviews" data-value="98">98</span><span class="w_q67L">4.602 out of 5 stars. 98 reviews</span></div><div class="flex items-center mv2"><div class="f7 mr1 blue b lh-copy">Free Delivery with</div><img loading="lazy" class="flex" src="//i5.walmartimages.com/dfw/3ccc2d91-49dd/k2-_2dc6530f-2ead-40b6-8ec8-fedc1c0c8978.v1.png" alt="Walmart Plus" height="20" width="auto"></div><div class="mb2 mt2"><span class="w_q67L">Available for Pickup or Delivery tomorrow</span><span class="w_SrYk w_2ioM w_DNAl w_OAJ4 w_GNSW mr1 mt1 ph1" aria-hidden="true">Pickup</span><span class="w_SrYk w_2ioM w_DNAl w_OAJ4 w_GNSW mr1 mt1 ph1" aria-hidden="true">Delivery tomorrow</span></div></div></div></div></div></div></div><div class="mb0 ph0-xl pt0-xl bb b--near-white w-25 pb3-m ph1"><div class="h-100 pr4-xl pb1-xl pv1 ph1" io-id="PRD6GKQ7KCSQ211" style="contain-intrinsic-size: 198px 340px;"><div role="group" data-item-id="PRD6GKQ7KCSQ211" class="sans-serif mid-gray relative flex flex-column w-100 hide-child-opacity"><a link-identifier="6GKQ7KCSQ211" class="w-100 h-100 z-1 hide-sibling-opacity  absolute" target="" href="/en/ip/Miss-Vickie-s-Sour-Cream-Herb-Onion-Flavour-Kettle-Cooked-Potato-Chips/6GKQ7KCSQ211?selectedSellerId=0&amp;from=/search"><span class="w_q67L">Miss Vickie's Sour Cream, Herb &amp; Onion Flavour Kettle Cooked Potato Chips, 200g </span></a><div class="" data-testid="list-view"><div class=""><div class=""><div class="h2 relative nowrap mb2"></div><div class="relative"><div class="relative overflow-hidden" style="max-width: 290px; height: 0px; padding-bottom: min(290px, 100%); align-self: center; width: min(290px, 100%);"><span><button type="button" class="bg-white pointer pa0 black bn mt1 mr1 pa1 br4 absolute top-0 right-0 z-2" data-automation-id="heart-item" aria-label="Add to Favourites list, Miss Vickie's Sour Cream, Herb &amp; Onion Flavour Kettle Cooked Potato Chips, 200g" style="width: 32px; height: 32px;"><i class="ld ld-Heart  " aria-hidden="true" style="font-size: 1.5rem; vertical-align: -0.25em; padding-top: 1px; width: 1.5rem; height: 1.5rem; box-sizing: content-box;"></i></button></span><img loading="lazy" srcset="https://i5.walmartimages.com/asr/a14a6d88-2447-4a67-877c-2ea9d373461b.83385498e183f10e5dfb540c581ea4fd.jpeg?odnHeight=290&amp;odnWidth=290&amp;odnBg=FFFFFF 1x, https://i5.walmartimages.com/asr/a14a6d88-2447-4a67-877c-2ea9d373461b.83385498e183f10e5dfb540c581ea4fd.jpeg?odnHeight=580&amp;odnWidth=580&amp;odnBg=FFFFFF 2x" src="https://i5.walmartimages.com/asr/a14a6d88-2447-4a67-877c-2ea9d373461b.83385498e183f10e5dfb540c581ea4fd.jpeg?odnHeight=580&amp;odnWidth=580&amp;odnBg=FFFFFF" id="is-0-productImage-19" width="" height="" class="absolute top-0 left-0" data-testid="productTileImage" alt="Miss Vickie's Sour Cream, Herb &amp; Onion Flavour Kettle Cooked Potato Chips, 200g" style="height: 100%; left: 50%; top: 50%; transform: translate(-50%, -50%); object-fit: contain;"></div><div class="z-2 absolute bottom--1"><div class="relative dib" data-id="PRD6GKQ7KCSQ211"><button class="w_eEg0 w_OoNT w_4QgR pointer bn sans-serif b ph2 flex items-center justify-center w-auto shadow-1" type="button" data-pcss-hide="true" data-automation-id="add-to-cart" aria-label="Add to cart - Miss Vickie's Sour Cream, Herb &amp; Onion Flavour Kettle Cooked Potato Chips, 200g"><i class="ld ld-Plus" title="add to cart" style="font-size: 1.5rem; vertical-align: -0.25em; width: 1.5rem; height: 1.5rem; box-sizing: content-box;"></i><span class="mr2">Add</span></button></div></div></div><div class="mt5 mb0" data-testid="variant-PRD6GKQ7KCSQ211" style="height: 24px;"></div></div><div class=""><div data-automation-id="product-price" class="flex flex-wrap justify-start items-center lh-title mb1"><div class="mr1 mr2-xl b black lh-copy f5 f4-l" aria-hidden="true">$3.97</div><span class="w_q67L">current price $3.97</span><div class="gray mr1 f7 f6-l">2¢/100g</div></div><div class="mb1 mt2 b f6 black mr1 lh-copy">Miss Vickie's</div><span class="w_vi_D" style="-webkit-line-clamp: 3; padding-bottom: 0em; margin-bottom: 0em;"><span data-automation-id="product-title" class="normal dark-gray mb0 mt1 lh-title f6 f5-l lh-copy">Miss Vickie's Sour Cream, Herb &amp; Onion Flavour Kettle Cooked Potato Chips, 200g</span></span><div class="flex items-center mt2"><span class="black inline-flex mr1" data-testid="product-ratings" data-value="4.6154"><i class="ld ld-StarFill" aria-hidden="true" style="font-size: 12px; vertical-align: -0.175em; width: 12px; height: 12px; box-sizing: content-box;"></i><i class="ld ld-StarFill" aria-hidden="true" style="font-size: 12px; vertical-align: -0.175em; width: 12px; height: 12px; box-sizing: content-box;"></i><i class="ld ld-StarFill" aria-hidden="true" style="font-size: 12px; vertical-align: -0.175em; width: 12px; height: 12px; box-sizing: content-box;"></i><i class="ld ld-StarFill" aria-hidden="true" style="font-size: 12px; vertical-align: -0.175em; width: 12px; height: 12px; box-sizing: content-box;"></i><i class="ld ld-StarHalf" aria-hidden="true" style="font-size: 12px; vertical-align: -0.175em; width: 12px; height: 12px; box-sizing: content-box;"></i></span><span class="sans-serif gray f7" aria-hidden="true" data-testid="product-reviews" data-value="26">26</span><span class="w_q67L">4.6154 out of 5 stars. 26 reviews</span></div><div class="flex items-center mv2"><div class="f7 mr1 blue b lh-copy">Free Delivery with</div><img loading="lazy" class="flex" src="//i5.walmartimages.com/dfw/3ccc2d91-49dd/k2-_2dc6530f-2ead-40b6-8ec8-fedc1c0c8978.v1.png" alt="Walmart Plus" height="20" width="auto"></div><div class="mb2 mt2"><span class="w_q67L">Available for Pickup or Delivery tomorrow</span><span class="w_SrYk w_2ioM w_DNAl w_OAJ4 w_GNSW mr1 mt1 ph1" aria-hidden="true">Pickup</span><span class="w_SrYk w_2ioM w_DNAl w_OAJ4 w_GNSW mr1 mt1 ph1" aria-hidden="true">Delivery tomorrow</span></div></div></div></div></div></div></div><div class="mb0 ph0-xl pt0-xl bb b--near-white w-25 pb3-m ph1"><div class="h-100 pr4-xl pb1-xl pv1 ph1" io-id="6000202865151" style="contain-intrinsic-size: 198px 340px;"><div role="group" data-item-id="6000202865151" class="sans-serif mid-gray relative flex flex-column w-100 hide-child-opacity"><a link-identifier="6000202865152" class="w-100 h-100 z-1 hide-sibling-opacity  absolute" target="" href="/en/ip/Great-Value-Regular-Rippled-Potato-Chips/6000202865152?selectedSellerId=0&amp;from=/search"><span class="w_q67L">Great Value Regular Rippled Potato Chips, 200 g </span></a><div class="" data-testid="list-view"><div class=""><div class=""><div class="h2 relative nowrap mb2"><span class="w_SrYk w_2ioM w_O_Dq w_OAJ4 w_tbLY tag-leading-badge absolute">Best seller</span></div><div class="relative"><div class="relative overflow-hidden" style="max-width: 290px; height: 0px; padding-bottom: min(290px, 100%); align-self: center; width: min(290px, 100%);"><span><button type="button" class="bg-white pointer pa0 black bn mt1 mr1 pa1 br4 absolute top-0 right-0 z-2" data-automation-id="heart-item" aria-label="Add to Favourites list, Great Value Regular Rippled Potato Chips, 200 g" style="width: 32px; height: 32px;"><i class="ld ld-Heart  " aria-hidden="true" style="font-size: 1.5rem; vertical-align: -0.25em; padding-top: 1px; width: 1.5rem; height: 1.5rem; box-sizing: content-box;"></i></button></span><img loading="lazy" srcset="https://i5.walmartimages.com/asr/917f04f1-5617-4ecd-be63-d0766d0bedf8.b93b40b7723898302f2a81e8b5d65b61.jpeg?odnHeight=290&amp;odnWidth=290&amp;odnBg=FFFFFF 1x, https://i5.walmartimages.com/asr/917f04f1-5617-4ecd-be63-d0766d0bedf8.b93b40b7723898302f2a81e8b5d65b61.jpeg?odnHeight=580&amp;odnWidth=580&amp;odnBg=FFFFFF 2x" src="https://i5.walmartimages.com/asr/917f04f1-5617-4ecd-be63-d0766d0bedf8.b93b40b7723898302f2a81e8b5d65b61.jpeg?odnHeight=580&amp;odnWidth=580&amp;odnBg=FFFFFF" id="is-0-productImage-20" width="" height="" class="absolute top-0 left-0" data-testid="productTileImage" alt="Great Value Regular Rippled Potato Chips, 200 g" style="height: 100%; left: 50%; top: 50%; transform: translate(-50%, -50%); object-fit: contain;"></div><div class="z-2 absolute bottom--1"><div class="relative dib" data-id="6000202865151"><button class="w_eEg0 w_OoNT w_4QgR pointer bn sans-serif b ph2 flex items-center justify-center w-auto shadow-1" type="button" data-pcss-hide="true" data-automation-id="add-to-cart" aria-label="Add to cart - Great Value Regular Rippled Potato Chips, 200 g"><i class="ld ld-Plus" title="add to cart" style="font-size: 1.5rem; vertical-align: -0.25em; width: 1.5rem; height: 1.5rem; box-sizing: content-box;"></i><span class="mr2">Add</span></button></div></div></div><div class="mt5 mb0" data-testid="variant-6000202865151" style="height: 24px;"></div></div><div class=""><div data-automation-id="product-price" class="flex flex-wrap justify-start items-center lh-title mb1"><div class="mr1 mr2-xl b black lh-copy f5 f4-l" aria-hidden="true">$1.37</div><span class="w_q67L">current price $1.37</span><div class="gray mr1 f7 f6-l">69¢/100g</div></div><div class="mb1 mt2 b f6 black mr1 lh-copy">Great Value</div><span class="w_vi_D" style="-webkit-line-clamp: 3; padding-bottom: 0em; margin-bottom: 0em;"><span data-automation-id="product-title" class="normal dark-gray mb0 mt1 lh-title f6 f5-l lh-copy">Great Value Regular Rippled Potato Chips, 200 g</span></span><div class="flex items-center mt2"><span class="black inline-flex mr1" data-testid="product-ratings" data-value="4.3016"><i class="ld ld-StarFill" aria-hidden="true" style="font-size: 12px; vertical-align: -0.175em; width: 12px; height: 12px; box-sizing: content-box;"></i><i class="ld ld-StarFill" aria-hidden="true" style="font-size: 12px; vertical-align: -0.175em; width: 12px; height: 12px; box-sizing: content-box;"></i><i class="ld ld-StarFill" aria-hidden="true" style="font-size: 12px; vertical-align: -0.175em; width: 12px; height: 12px; box-sizing: content-box;"></i><i class="ld ld-StarFill" aria-hidden="true" style="font-size: 12px; vertical-align: -0.175em; width: 12px; height: 12px; box-sizing: content-box;"></i><i class="ld ld-StarHalf" aria-hidden="true" style="font-size: 12px; vertical-align: -0.175em; width: 12px; height: 12px; box-sizing: content-box;"></i></span><span class="sans-serif gray f7" aria-hidden="true" data-testid="product-reviews" data-value="620">620</span><span class="w_q67L">4.3016 out of 5 stars. 620 reviews</span></div><div class="flex items-center mv2"><div class="f7 mr1 blue b lh-copy">Free Delivery with</div><img loading="lazy" class="flex" src="//i5.walmartimages.com/dfw/3ccc2d91-49dd/k2-_2dc6530f-2ead-40b6-8ec8-fedc1c0c8978.v1.png" alt="Walmart Plus" height="20" width="auto"></div><div class="mb2 mt2"><span class="w_q67L">Available for Pickup or Delivery tomorrow</span><span class="w_SrYk w_2ioM w_DNAl w_OAJ4 w_GNSW mr1 mt1 ph1" aria-hidden="true">Pickup</span><span class="w_SrYk w_2ioM w_DNAl w_OAJ4 w_GNSW mr1 mt1 ph1" aria-hidden="true">Delivery tomorrow</span></div></div></div></div></div></div></div><div class="mb0 ph0-xl pt0-xl bb b--near-white w-25 pb3-m ph1"><div class="h-100 pr4-xl pb1-xl pv1 ph1" io-id="6000202867441" style="contain-intrinsic-size: 198px 340px;"><div role="group" data-item-id="6000202867441" class="sans-serif mid-gray relative flex flex-column w-100 hide-child-opacity"><a link-identifier="6000202867442" class="w-100 h-100 z-1 hide-sibling-opacity  absolute" target="" href="/en/ip/Great-Value-All-Dressed-Rippled-Flavoured-Potato-Chips/6000202867442?selectedSellerId=0&amp;from=/search"><span class="w_q67L">Great Value All Dressed Rippled Flavoured Potato Chips, 200 g </span></a><div class="" data-testid="list-view"><div class=""><div class=""><div class="h2 relative nowrap mb2"><span class="w_SrYk w_2ioM w_O_Dq w_OAJ4 w_tbLY tag-leading-badge absolute">Best seller</span></div><div class="relative"><div class="relative overflow-hidden" style="max-width: 290px; height: 0px; padding-bottom: min(290px, 100%); align-self: center; width: min(290px, 100%);"><span><button type="button" class="bg-white pointer pa0 black bn mt1 mr1 pa1 br4 absolute top-0 right-0 z-2" data-automation-id="heart-item" aria-label="Add to Favourites list, Great Value All Dressed Rippled Flavoured Potato Chips, 200 g" style="width: 32px; height: 32px;"><i class="ld ld-Heart  " aria-hidden="true" style="font-size: 1.5rem; vertical-align: -0.25em; padding-top: 1px; width: 1.5rem; height: 1.5rem; box-sizing: content-box;"></i></button></span><img loading="lazy" srcset="https://i5.walmartimages.com/asr/14d9d2e1-eb81-447d-93ac-032d7054cde5.7c7e513cd736d398891d198c08404053.jpeg?odnHeight=290&amp;odnWidth=290&amp;odnBg=FFFFFF 1x, https://i5.walmartimages.com/asr/14d9d2e1-eb81-447d-93ac-032d7054cde5.7c7e513cd736d398891d198c08404053.jpeg?odnHeight=580&amp;odnWidth=580&amp;odnBg=FFFFFF 2x" src="https://i5.walmartimages.com/asr/14d9d2e1-eb81-447d-93ac-032d7054cde5.7c7e513cd736d398891d198c08404053.jpeg?odnHeight=580&amp;odnWidth=580&amp;odnBg=FFFFFF" id="is-0-productImage-21" width="" height="" class="absolute top-0 left-0" data-testid="productTileImage" alt="Great Value All Dressed Rippled Flavoured Potato Chips, 200 g" style="height: 100%; left: 50%; top: 50%; transform: translate(-50%, -50%); object-fit: contain;"></div><div class="z-2 absolute bottom--1"><div class="relative dib" data-id="6000202867441"><button class="w_eEg0 w_OoNT w_4QgR pointer bn sans-serif b ph2 flex items-center justify-center w-auto shadow-1" type="button" data-pcss-hide="true" data-automation-id="add-to-cart" aria-label="Add to cart - Great Value All Dressed Rippled Flavoured Potato Chips, 200 g"><i class="ld ld-Plus" title="add to cart" style="font-size: 1.5rem; vertical-align: -0.25em; width: 1.5rem; height: 1.5rem; box-sizing: content-box;"></i><span class="mr2">Add</span></button></div></div></div><div class="mt5 mb0" data-testid="variant-6000202867441" style="height: 24px;"></div></div><div class=""><div data-automation-id="product-price" class="flex flex-wrap justify-start items-center lh-title mb1"><div class="mr1 mr2-xl b black lh-copy f5 f4-l" aria-hidden="true">$1.37</div><span class="w_q67L">current price $1.37</span><div class="gray mr1 f7 f6-l">69¢/100g</div></div><div class="mb1 mt2 b f6 black mr1 lh-copy">Great Value</div><span class="w_vi_D" style="-webkit-line-clamp: 3; padding-bottom: 0em; margin-bottom: 0em;"><span data-automation-id="product-title" class="normal dark-gray mb0 mt1 lh-title f6 f5-l lh-copy">Great Value All Dressed Rippled Flavoured Potato Chips, 200 g</span></span><div class="flex items-center mt2"><span class="black inline-flex mr1" data-testid="product-ratings" data-value="4.4187"><i class="ld ld-StarFill" aria-hidden="true" style="font-size: 12px; vertical-align: -0.175em; width: 12px; height: 12px; box-sizing: content-box;"></i><i class="ld ld-StarFill" aria-hidden="true" style="font-size: 12px; vertical-align: -0.175em; width: 12px; height: 12px; box-sizing: content-box;"></i><i class="ld ld-StarFill" aria-hidden="true" style="font-size: 12px; vertical-align: -0.175em; width: 12px; height: 12px; box-sizing: content-box;"></i><i class="ld ld-StarFill" aria-hidden="true" style="font-size: 12px; vertical-align: -0.175em; width: 12px; height: 12px; box-sizing: content-box;"></i><i class="ld ld-StarHalf" aria-hidden="true" style="font-size: 12px; vertical-align: -0.175em; width: 12px; height: 12px; box-sizing: content-box;"></i></span><span class="sans-serif gray f7" aria-hidden="true" data-testid="product-reviews" data-value="406">406</span><span class="w_q67L">4.4187 out of 5 stars. 406 reviews</span></div><div class="flex items-center mv2"><div class="f7 mr1 blue b lh-copy">Free Delivery with</div><img loading="lazy" class="flex" src="//i5.walmartimages.com/dfw/3ccc2d91-49dd/k2-_2dc6530f-2ead-40b6-8ec8-fedc1c0c8978.v1.png" alt="Walmart Plus" height="20" width="auto"></div><div class="mb2 mt2"><span class="w_q67L">Available for Pickup or Delivery tomorrow</span><span class="w_SrYk w_2ioM w_DNAl w_OAJ4 w_GNSW mr1 mt1 ph1" aria-hidden="true">Pickup</span><span class="w_SrYk w_2ioM w_DNAl w_OAJ4 w_GNSW mr1 mt1 ph1" aria-hidden="true">Delivery tomorrow</span></div></div></div></div></div></div></div><div class="mb0 ph0-xl pt0-xl bb b--near-white w-25 pb3-m ph1"><div class="h-100 pr4-xl pb1-xl pv1 ph1" io-id="6000202865157" style="contain-intrinsic-size: 198px 340px;"><div role="group" data-item-id="6000202865157" class="sans-serif mid-gray relative flex flex-column w-100 hide-child-opacity"><a link-identifier="6000202865158" class="w-100 h-100 z-1 hide-sibling-opacity  absolute" target="" href="/en/ip/Great-Value-Sour-Cream-Onion-Flavoured-Potato-Chips/6000202865158?selectedSellerId=0&amp;from=/search"><span class="w_q67L">Great Value Sour Cream &amp; Onion Flavoured Potato Chips, 200 g </span></a><div class="" data-testid="list-view"><div class=""><div class=""><div class="h2 relative nowrap mb2"><span class="w_SrYk w_2ioM w_O_Dq w_OAJ4 w_tbLY tag-leading-badge absolute">Best seller</span></div><div class="relative"><div class="relative overflow-hidden" style="max-width: 290px; height: 0px; padding-bottom: min(290px, 100%); align-self: center; width: min(290px, 100%);"><span><button type="button" class="bg-white pointer pa0 black bn mt1 mr1 pa1 br4 absolute top-0 right-0 z-2" data-automation-id="heart-item" aria-label="Add to Favourites list, Great Value Sour Cream &amp; Onion Flavoured Potato Chips, 200 g" style="width: 32px; height: 32px;"><i class="ld ld-Heart  " aria-hidden="true" style="font-size: 1.5rem; vertical-align: -0.25em; padding-top: 1px; width: 1.5rem; height: 1.5rem; box-sizing: content-box;"></i></button></span><img loading="lazy" srcset="https://i5.walmartimages.com/asr/7d8bb922-6ce4-4ee6-84c1-a467026411e6.12467360cbecb80d2b612ce5ff8dec46.jpeg?odnHeight=290&amp;odnWidth=290&amp;odnBg=FFFFFF 1x, https://i5.walmartimages.com/asr/7d8bb922-6ce4-4ee6-84c1-a467026411e6.12467360cbecb80d2b612ce5ff8dec46.jpeg?odnHeight=580&amp;odnWidth=580&amp;odnBg=FFFFFF 2x" src="https://i5.walmartimages.com/asr/7d8bb922-6ce4-4ee6-84c1-a467026411e6.12467360cbecb80d2b612ce5ff8dec46.jpeg?odnHeight=580&amp;odnWidth=580&amp;odnBg=FFFFFF" id="is-0-productImage-22" width="" height="" class="absolute top-0 left-0" data-testid="productTileImage" alt="Great Value Sour Cream &amp; Onion Flavoured Potato Chips, 200 g" style="height: 100%; left: 50%; top: 50%; transform: translate(-50%, -50%); object-fit: contain;"></div><div class="z-2 absolute bottom--1"><div class="relative dib" data-id="6000202865157"><button class="w_eEg0 w_OoNT w_4QgR pointer bn sans-serif b ph2 flex items-center justify-center w-auto shadow-1" type="button" data-pcss-hide="true" data-automation-id="add-to-cart" aria-label="Add to cart - Great Value Sour Cream &amp; Onion Flavoured Potato Chips, 200 g"><i class="ld ld-Plus" title="add to cart" style="font-size: 1.5rem; vertical-align: -0.25em; width: 1.5rem; height: 1.5rem; box-sizing: content-box;"></i><span class="mr2">Add</span></button></div></div></div><div class="mt5 mb0" data-testid="variant-6000202865157" style="height: 24px;"></div></div><div class=""><div data-automation-id="product-price" class="flex flex-wrap justify-start items-center lh-title mb1"><div class="mr1 mr2-xl b black lh-copy f5 f4-l" aria-hidden="true">$1.37</div><span class="w_q67L">current price $1.37</span><div class="gray mr1 f7 f6-l">1¢/100g</div></div><div class="mb1 mt2 b f6 black mr1 lh-copy">Great Value</div><span class="w_vi_D" style="-webkit-line-clamp: 3; padding-bottom: 0em; margin-bottom: 0em;"><span data-automation-id="product-title" class="normal dark-gray mb0 mt1 lh-title f6 f5-l lh-copy">Great Value Sour Cream &amp; Onion Flavoured Potato Chips, 200 g</span></span><div class="flex items-center mt2"><span class="black inline-flex mr1" data-testid="product-ratings" data-value="4.2145"><i class="ld ld-StarFill" aria-hidden="true" style="font-size: 12px; vertical-align: -0.175em; width: 12px; height: 12px; box-sizing: content-box;"></i><i class="ld ld-StarFill" aria-hidden="true" style="font-size: 12px; vertical-align: -0.175em; width: 12px; height: 12px; box-sizing: content-box;"></i><i class="ld ld-StarFill" aria-hidden="true" style="font-size: 12px; vertical-align: -0.175em; width: 12px; height: 12px; box-sizing: content-box;"></i><i class="ld ld-StarFill" aria-hidden="true" style="font-size: 12px; vertical-align: -0.175em; width: 12px; height: 12px; box-sizing: content-box;"></i><i class="ld ld-Star" aria-hidden="true" style="font-size: 12px; vertical-align: -0.175em; width: 12px; height: 12px; box-sizing: content-box;"></i></span><span class="sans-serif gray f7" aria-hidden="true" data-testid="product-reviews" data-value="592">592</span><span class="w_q67L">4.2145 out of 5 stars. 592 reviews</span></div><div class="flex items-center mv2"><div class="f7 mr1 blue b lh-copy">Free Delivery with</div><img loading="lazy" class="flex" src="//i5.walmartimages.com/dfw/3ccc2d91-49dd/k2-_2dc6530f-2ead-40b6-8ec8-fedc1c0c8978.v1.png" alt="Walmart Plus" height="20" width="auto"></div><div class="mb2 mt2"><span class="w_q67L">Available for Pickup or Delivery tomorrow</span><span class="w_SrYk w_2ioM w_DNAl w_OAJ4 w_GNSW mr1 mt1 ph1" aria-hidden="true">Pickup</span><span class="w_SrYk w_2ioM w_DNAl w_OAJ4 w_GNSW mr1 mt1 ph1" aria-hidden="true">Delivery tomorrow</span></div></div></div></div></div></div></div><div class="mb0 ph0-xl pt0-xl bb b--near-white w-25 pb3-m ph1"><div class="h-100 pr4-xl pb1-xl pv1 ph1" io-id="6000202865142" style="contain-intrinsic-size: 198px 340px;"><div role="group" data-item-id="6000202865142" class="sans-serif mid-gray relative flex flex-column w-100 hide-child-opacity"><a link-identifier="6000202865143" class="w-100 h-100 z-1 hide-sibling-opacity  absolute" target="" href="/en/ip/Great-Value-Barbecue-Flavoured-Potato-Chips/6000202865143?selectedSellerId=0&amp;from=/search"><span class="w_q67L">Great Value Barbecue Flavoured Potato Chips, 200 g </span></a><div class="" data-testid="list-view"><div class=""><div class=""><div class="h2 relative nowrap mb2"><span class="w_SrYk w_2ioM w_O_Dq w_OAJ4 w_tbLY tag-leading-badge absolute">Best seller</span></div><div class="relative"><div class="relative overflow-hidden" style="max-width: 290px; height: 0px; padding-bottom: min(290px, 100%); align-self: center; width: min(290px, 100%);"><span><button type="button" class="bg-white pointer pa0 black bn mt1 mr1 pa1 br4 absolute top-0 right-0 z-2" data-automation-id="heart-item" aria-label="Add to Favourites list, Great Value Barbecue Flavoured Potato Chips, 200 g" style="width: 32px; height: 32px;"><i class="ld ld-Heart  " aria-hidden="true" style="font-size: 1.5rem; vertical-align: -0.25em; padding-top: 1px; width: 1.5rem; height: 1.5rem; box-sizing: content-box;"></i></button></span><img loading="lazy" srcset="https://i5.walmartimages.com/asr/ac65a0f2-b6d5-46ef-9541-15dae36ac001.9d974554ab700f274ad928faddb52f1e.jpeg?odnHeight=290&amp;odnWidth=290&amp;odnBg=FFFFFF 1x, https://i5.walmartimages.com/asr/ac65a0f2-b6d5-46ef-9541-15dae36ac001.9d974554ab700f274ad928faddb52f1e.jpeg?odnHeight=580&amp;odnWidth=580&amp;odnBg=FFFFFF 2x" src="https://i5.walmartimages.com/asr/ac65a0f2-b6d5-46ef-9541-15dae36ac001.9d974554ab700f274ad928faddb52f1e.jpeg?odnHeight=580&amp;odnWidth=580&amp;odnBg=FFFFFF" id="is-0-productImage-23" width="" height="" class="absolute top-0 left-0" data-testid="productTileImage" alt="Great Value Barbecue Flavoured Potato Chips, 200 g" style="height: 100%; left: 50%; top: 50%; transform: translate(-50%, -50%); object-fit: contain;"></div><div class="z-2 absolute bottom--1"><div class="relative dib" data-id="6000202865142"><button class="w_eEg0 w_OoNT w_4QgR pointer bn sans-serif b ph2 flex items-center justify-center w-auto shadow-1" type="button" data-pcss-hide="true" data-automation-id="add-to-cart" aria-label="Add to cart - Great Value Barbecue Flavoured Potato Chips, 200 g"><i class="ld ld-Plus" title="add to cart" style="font-size: 1.5rem; vertical-align: -0.25em; width: 1.5rem; height: 1.5rem; box-sizing: content-box;"></i><span class="mr2">Add</span></button></div></div></div><div class="mt5 mb0" data-testid="variant-6000202865142" style="height: 24px;"></div></div><div class=""><div data-automation-id="product-price" class="flex flex-wrap justify-start items-center lh-title mb1"><div class="mr1 mr2-xl b black lh-copy f5 f4-l" aria-hidden="true">$1.37</div><span class="w_q67L">current price $1.37</span><div class="gray mr1 f7 f6-l">69¢/100g</div></div><div class="mb1 mt2 b f6 black mr1 lh-copy">Great Value</div><span class="w_vi_D" style="-webkit-line-clamp: 3; padding-bottom: 0em; margin-bottom: 0em;"><span data-automation-id="product-title" class="normal dark-gray mb0 mt1 lh-title f6 f5-l lh-copy">Great Value Barbecue Flavoured Potato Chips, 200 g</span></span><div class="flex items-center mt2"><span class="black inline-flex mr1" data-testid="product-ratings" data-value="4.1502"><i class="ld ld-StarFill" aria-hidden="true" style="font-size: 12px; vertical-align: -0.175em; width: 12px; height: 12px; box-sizing: content-box;"></i><i class="ld ld-StarFill" aria-hidden="true" style="font-size: 12px; vertical-align: -0.175em; width: 12px; height: 12px; box-sizing: content-box;"></i><i class="ld ld-StarFill" aria-hidden="true" style="font-size: 12px; vertical-align: -0.175em; width: 12px; height: 12px; box-sizing: content-box;"></i><i class="ld ld-StarFill" aria-hidden="true" style="font-size: 12px; vertical-align: -0.175em; width: 12px; height: 12px; box-sizing: content-box;"></i><i class="ld ld-Star" aria-hidden="true" style="font-size: 12px; vertical-align: -0.175em; width: 12px; height: 12px; box-sizing: content-box;"></i></span><span class="sans-serif gray f7" aria-hidden="true" data-testid="product-reviews" data-value="659">659</span><span class="w_q67L">4.1502 out of 5 stars. 659 reviews</span></div><div class="flex items-center mv2"><div class="f7 mr1 blue b lh-copy">Free Delivery with</div><img loading="lazy" class="flex" src="//i5.walmartimages.com/dfw/3ccc2d91-49dd/k2-_2dc6530f-2ead-40b6-8ec8-fedc1c0c8978.v1.png" alt="Walmart Plus" height="20" width="auto"></div><div class="mb2 mt2"><span class="w_q67L">Available for Pickup or Delivery tomorrow</span><span class="w_SrYk w_2ioM w_DNAl w_OAJ4 w_GNSW mr1 mt1 ph1" aria-hidden="true">Pickup</span><span class="w_SrYk w_2ioM w_DNAl w_OAJ4 w_GNSW mr1 mt1 ph1" aria-hidden="true">Delivery tomorrow</span></div></div></div></div></div></div></div><div class="mb0 ph0-xl pt0-xl bb b--near-white w-25 pb3-m ph1"><div class="h-100 pr4-xl pb1-xl pv1 ph1" io-id="6000202865154" style="contain-intrinsic-size: 198px 340px;"><div role="group" data-item-id="6000202865154" class="sans-serif mid-gray relative flex flex-column w-100 hide-child-opacity"><a link-identifier="6000202865155" class="w-100 h-100 z-1 hide-sibling-opacity  absolute" target="" href="/en/ip/Great-Value-Salt-Vinegar-Flavoured-Potato-Chips/6000202865155?selectedSellerId=0&amp;from=/search"><span class="w_q67L">Great Value Salt &amp; Vinegar Flavoured Potato Chips, 200 g </span></a><div class="" data-testid="list-view"><div class=""><div class=""><div class="h2 relative nowrap mb2"></div><div class="relative"><div class="relative overflow-hidden" style="max-width: 290px; height: 0px; padding-bottom: min(290px, 100%); align-self: center; width: min(290px, 100%);"><span><button type="button" class="bg-white pointer pa0 black bn mt1 mr1 pa1 br4 absolute top-0 right-0 z-2" data-automation-id="heart-item" aria-label="Add to Favourites list, Great Value Salt &amp; Vinegar Flavoured Potato Chips, 200 g" style="width: 32px; height: 32px;"><i class="ld ld-Heart  " aria-hidden="true" style="font-size: 1.5rem; vertical-align: -0.25em; padding-top: 1px; width: 1.5rem; height: 1.5rem; box-sizing: content-box;"></i></button></span><img loading="lazy" srcset="https://i5.walmartimages.com/asr/6abf821a-843e-4977-a2fe-0fb94453f823.db7eba49b0f0c8b3c80f48741db8b575.jpeg?odnHeight=290&amp;odnWidth=290&amp;odnBg=FFFFFF 1x, https://i5.walmartimages.com/asr/6abf821a-843e-4977-a2fe-0fb94453f823.db7eba49b0f0c8b3c80f48741db8b575.jpeg?odnHeight=580&amp;odnWidth=580&amp;odnBg=FFFFFF 2x" src="https://i5.walmartimages.com/asr/6abf821a-843e-4977-a2fe-0fb94453f823.db7eba49b0f0c8b3c80f48741db8b575.jpeg?odnHeight=580&amp;odnWidth=580&amp;odnBg=FFFFFF" id="is-0-productImage-24" width="" height="" class="absolute top-0 left-0" data-testid="productTileImage" alt="Great Value Salt &amp; Vinegar Flavoured Potato Chips, 200 g" style="height: 100%; left: 50%; top: 50%; transform: translate(-50%, -50%); object-fit: contain;"></div><div class="z-2 absolute bottom--1"><div class="relative dib" data-id="6000202865154"><button class="w_eEg0 w_OoNT w_4QgR pointer bn sans-serif b ph2 flex items-center justify-center w-auto shadow-1" type="button" data-pcss-hide="true" data-automation-id="add-to-cart" aria-label="Add to cart - Great Value Salt &amp; Vinegar Flavoured Potato Chips, 200 g"><i class="ld ld-Plus" title="add to cart" style="font-size: 1.5rem; vertical-align: -0.25em; width: 1.5rem; height: 1.5rem; box-sizing: content-box;"></i><span class="mr2">Add</span></button></div></div></div><div class="mt5 mb0" data-testid="variant-6000202865154" style="height: 24px;"></div></div><div class=""><div data-automation-id="product-price" class="flex flex-wrap justify-start items-center lh-title mb1"><div class="mr1 mr2-xl b black lh-copy f5 f4-l" aria-hidden="true">$1.37</div><span class="w_q67L">current price $1.37</span><div class="gray mr1 f7 f6-l">69¢/100g</div></div><div class="mb1 mt2 b f6 black mr1 lh-copy">Great Value</div><span class="w_vi_D" style="-webkit-line-clamp: 3; padding-bottom: 0em; margin-bottom: 0em;"><span data-automation-id="product-title" class="normal dark-gray mb0 mt1 lh-title f6 f5-l lh-copy">Great Value Salt &amp; Vinegar Flavoured Potato Chips, 200 g</span></span><div class="flex items-center mt2"><span class="black inline-flex mr1" data-testid="product-ratings" data-value="4.206"><i class="ld ld-StarFill" aria-hidden="true" style="font-size: 12px; vertical-align: -0.175em; width: 12px; height: 12px; box-sizing: content-box;"></i><i class="ld ld-StarFill" aria-hidden="true" style="font-size: 12px; vertical-align: -0.175em; width: 12px; height: 12px; box-sizing: content-box;"></i><i class="ld ld-StarFill" aria-hidden="true" style="font-size: 12px; vertical-align: -0.175em; width: 12px; height: 12px; box-sizing: content-box;"></i><i class="ld ld-StarFill" aria-hidden="true" style="font-size: 12px; vertical-align: -0.175em; width: 12px; height: 12px; box-sizing: content-box;"></i><i class="ld ld-Star" aria-hidden="true" style="font-size: 12px; vertical-align: -0.175em; width: 12px; height: 12px; box-sizing: content-box;"></i></span><span class="sans-serif gray f7" aria-hidden="true" data-testid="product-reviews" data-value="267">267</span><span class="w_q67L">4.206 out of 5 stars. 267 reviews</span></div><div class="flex items-center mv2"><div class="f7 mr1 blue b lh-copy">Free Delivery with</div><img loading="lazy" class="flex" src="//i5.walmartimages.com/dfw/3ccc2d91-49dd/k2-_2dc6530f-2ead-40b6-8ec8-fedc1c0c8978.v1.png" alt="Walmart Plus" height="20" width="auto"></div><div class="mb2 mt2"><span class="w_q67L">Available for Pickup or Delivery tomorrow</span><span class="w_SrYk w_2ioM w_DNAl w_OAJ4 w_GNSW mr1 mt1 ph1" aria-hidden="true">Pickup</span><span class="w_SrYk w_2ioM w_DNAl w_OAJ4 w_GNSW mr1 mt1 ph1" aria-hidden="true">Delivery tomorrow</span></div></div></div></div></div></div></div><div class="mb0 ph0-xl pt0-xl bb b--near-white w-25 pb3-m ph1"><div class="h-100 pr4-xl pb1-xl pv1 ph1" io-id="6000202865145" style="contain-intrinsic-size: 198px 340px;"><div role="group" data-item-id="6000202865145" class="sans-serif mid-gray relative flex flex-column w-100 hide-child-opacity"><a link-identifier="6000202865146" class="w-100 h-100 z-1 hide-sibling-opacity  absolute" target="" href="/en/ip/Great-Value-Dill-Pickle-Flavoured-Potato-Chips/6000202865146?selectedSellerId=0&amp;from=/search"><span class="w_q67L">Great Value Dill Pickle Flavoured Potato Chips, 200 g </span></a><div class="" data-testid="list-view"><div class=""><div class=""><div class="h2 relative nowrap mb2"></div><div class="relative"><div class="relative overflow-hidden" style="max-width: 290px; height: 0px; padding-bottom: min(290px, 100%); align-self: center; width: min(290px, 100%);"><span><button type="button" class="bg-white pointer pa0 black bn mt1 mr1 pa1 br4 absolute top-0 right-0 z-2" data-automation-id="heart-item" aria-label="Add to Favourites list, Great Value Dill Pickle Flavoured Potato Chips, 200 g" style="width: 32px; height: 32px;"><i class="ld ld-Heart  " aria-hidden="true" style="font-size: 1.5rem; vertical-align: -0.25em; padding-top: 1px; width: 1.5rem; height: 1.5rem; box-sizing: content-box;"></i></button></span><img loading="lazy" srcset="https://i5.walmartimages.com/asr/888c8c8c-8a81-4760-9f9e-88d6ed681309.0d82d946c60ec4c209e6e3d0ac966b77.jpeg?odnHeight=290&amp;odnWidth=290&amp;odnBg=FFFFFF 1x, https://i5.walmartimages.com/asr/888c8c8c-8a81-4760-9f9e-88d6ed681309.0d82d946c60ec4c209e6e3d0ac966b77.jpeg?odnHeight=580&amp;odnWidth=580&amp;odnBg=FFFFFF 2x" src="https://i5.walmartimages.com/asr/888c8c8c-8a81-4760-9f9e-88d6ed681309.0d82d946c60ec4c209e6e3d0ac966b77.jpeg?odnHeight=580&amp;odnWidth=580&amp;odnBg=FFFFFF" id="is-0-productImage-25" width="" height="" class="absolute top-0 left-0" data-testid="productTileImage" alt="Great Value Dill Pickle Flavoured Potato Chips, 200 g" style="height: 100%; left: 50%; top: 50%; transform: translate(-50%, -50%); object-fit: contain;"></div><div class="z-2 absolute bottom--1"><div class="relative dib" data-id="6000202865145"><button class="w_eEg0 w_OoNT w_4QgR pointer bn sans-serif b ph2 flex items-center justify-center w-auto shadow-1" type="button" data-pcss-hide="true" data-automation-id="add-to-cart" aria-label="Add to cart - Great Value Dill Pickle Flavoured Potato Chips, 200 g"><i class="ld ld-Plus" title="add to cart" style="font-size: 1.5rem; vertical-align: -0.25em; width: 1.5rem; height: 1.5rem; box-sizing: content-box;"></i><span class="mr2">Add</span></button></div></div></div><div class="mt5 mb0" data-testid="variant-6000202865145" style="height: 24px;"></div></div><div class=""><div data-automation-id="product-price" class="flex flex-wrap justify-start items-center lh-title mb1"><div class="mr1 mr2-xl b black lh-copy f5 f4-l" aria-hidden="true">$1.37</div><span class="w_q67L">current price $1.37</span><div class="gray mr1 f7 f6-l">69¢/100g</div></div><div class="mb1 mt2 b f6 black mr1 lh-copy">Great Value</div><span class="w_vi_D" style="-webkit-line-clamp: 3; padding-bottom: 0em; margin-bottom: 0em;"><span data-automation-id="product-title" class="normal dark-gray mb0 mt1 lh-title f6 f5-l lh-copy">Great Value Dill Pickle Flavoured Potato Chips, 200 g</span></span><div class="flex items-center mt2"><span class="black inline-flex mr1" data-testid="product-ratings" data-value="4.1822"><i class="ld ld-StarFill" aria-hidden="true" style="font-size: 12px; vertical-align: -0.175em; width: 12px; height: 12px; box-sizing: content-box;"></i><i class="ld ld-StarFill" aria-hidden="true" style="font-size: 12px; vertical-align: -0.175em; width: 12px; height: 12px; box-sizing: content-box;"></i><i class="ld ld-StarFill" aria-hidden="true" style="font-size: 12px; vertical-align: -0.175em; width: 12px; height: 12px; box-sizing: content-box;"></i><i class="ld ld-StarFill" aria-hidden="true" style="font-size: 12px; vertical-align: -0.175em; width: 12px; height: 12px; box-sizing: content-box;"></i><i class="ld ld-Star" aria-hidden="true" style="font-size: 12px; vertical-align: -0.175em; width: 12px; height: 12px; box-sizing: content-box;"></i></span><span class="sans-serif gray f7" aria-hidden="true" data-testid="product-reviews" data-value="269">269</span><span class="w_q67L">4.1822 out of 5 stars. 269 reviews</span></div><div class="flex items-center mv2"><div class="f7 mr1 blue b lh-copy">Free Delivery with</div><img loading="lazy" class="flex" src="//i5.walmartimages.com/dfw/3ccc2d91-49dd/k2-_2dc6530f-2ead-40b6-8ec8-fedc1c0c8978.v1.png" alt="Walmart Plus" height="20" width="auto"></div><div class="mb2 mt2"><span class="w_q67L">Available for Pickup or Delivery tomorrow</span><span class="w_SrYk w_2ioM w_DNAl w_OAJ4 w_GNSW mr1 mt1 ph1" aria-hidden="true">Pickup</span><span class="w_SrYk w_2ioM w_DNAl w_OAJ4 w_GNSW mr1 mt1 ph1" aria-hidden="true">Delivery tomorrow</span></div></div></div></div></div></div></div><div class="mb0 ph0-xl pt0-xl bb b--near-white w-25 pb3-m ph1"><div class="h-100 pr4-xl pb1-xl pv1 ph1" io-id="6000201210243" style="contain-intrinsic-size: 198px 340px;"><div role="group" data-item-id="6000201210243" class="sans-serif mid-gray relative flex flex-column w-100 hide-child-opacity"><a link-identifier="6000201210244" class="w-100 h-100 z-1 hide-sibling-opacity  absolute" target="" href="/en/ip/Lay-s-Classic-potato-chips/6000201210244?selectedSellerId=0&amp;from=/search"><span class="w_q67L">Lay's Classic potato chips, 235g </span></a><div class="" data-testid="list-view"><div class=""><div class="relative"><div class="h3 relative nowrap mb2 overflow-hidden"><span class="w_SrYk w_TBvN w_O_Dq tag-leading-badge" style="color: rgb(155, 20, 25); box-shadow: rgb(155, 20, 25) 0px 0px 0px 1px inset;">3 for $10</span><button class="w_eEg0 w_KJ_i w_w8Y1 relative top-0 pl1 pr0 z-2" type="button" aria-label="3 for $10. View eligible mix and match items." name="View all">View all</button></div><div class="relative"><div class="relative overflow-hidden" style="max-width: 290px; height: 0px; padding-bottom: min(290px, 100%); align-self: center; width: min(290px, 100%);"><span><button type="button" class="bg-white pointer pa0 black bn mt1 mr1 pa1 br4 absolute top-0 right-0 z-2" data-automation-id="heart-item" aria-label="Add to Favourites list, Lay's Classic potato chips, 235g" style="width: 32px; height: 32px;"><i class="ld ld-Heart  " aria-hidden="true" style="font-size: 1.5rem; vertical-align: -0.25em; padding-top: 1px; width: 1.5rem; height: 1.5rem; box-sizing: content-box;"></i></button></span><img loading="lazy" srcset="https://i5.walmartimages.com/asr/3b945e17-b0f0-4e88-9ff3-e21505667c0c.96d85eeb24d9e2e7245bb0b10380e872.jpeg?odnHeight=290&amp;odnWidth=290&amp;odnBg=FFFFFF 1x, https://i5.walmartimages.com/asr/3b945e17-b0f0-4e88-9ff3-e21505667c0c.96d85eeb24d9e2e7245bb0b10380e872.jpeg?odnHeight=580&amp;odnWidth=580&amp;odnBg=FFFFFF 2x" src="https://i5.walmartimages.com/asr/3b945e17-b0f0-4e88-9ff3-e21505667c0c.96d85eeb24d9e2e7245bb0b10380e872.jpeg?odnHeight=580&amp;odnWidth=580&amp;odnBg=FFFFFF" id="is-0-productImage-26" width="" height="" class="absolute top-0 left-0" data-testid="productTileImage" alt="Lay's Classic potato chips, 235g" style="height: 100%; left: 50%; top: 50%; transform: translate(-50%, -50%); object-fit: contain;"></div><div class="z-2 absolute bottom--1"><div class="relative dib" data-id="6000201210243"><button class="w_eEg0 w_OoNT w_4QgR pointer bn sans-serif b ph2 flex items-center justify-center w-auto shadow-1" type="button" data-pcss-hide="true" data-automation-id="add-to-cart" aria-label="Add to cart - Lay's Classic potato chips, 235g"><i class="ld ld-Plus" title="add to cart" style="font-size: 1.5rem; vertical-align: -0.25em; width: 1.5rem; height: 1.5rem; box-sizing: content-box;"></i><span class="mr2">Add</span></button></div></div></div><div class="mt5 mb0" data-testid="variant-6000201210243" style="height: 24px;"></div></div><div class=""><div data-automation-id="product-price" class="flex flex-wrap justify-start items-center lh-title mb1"><div class="mr1 mr2-xl b black lh-copy f5 f4-l" aria-hidden="true">$3.67</div><span class="w_q67L">current price $3.67</span><div class="gray mr1 f7 f6-l">$1.56/100g</div></div><div class="mb1 mt2 b f6 black mr1 lh-copy">Lay's</div><span class="w_vi_D" style="-webkit-line-clamp: 3; padding-bottom: 0em; margin-bottom: 0em;"><span data-automation-id="product-title" class="normal dark-gray mb0 mt1 lh-title f6 f5-l lh-copy">Lay's Classic potato chips, 235g</span></span><div class="flex items-center mt2"><span class="black inline-flex mr1" data-testid="product-ratings" data-value="4.2302"><i class="ld ld-StarFill" aria-hidden="true" style="font-size: 12px; vertical-align: -0.175em; width: 12px; height: 12px; box-sizing: content-box;"></i><i class="ld ld-StarFill" aria-hidden="true" style="font-size: 12px; vertical-align: -0.175em; width: 12px; height: 12px; box-sizing: content-box;"></i><i class="ld ld-StarFill" aria-hidden="true" style="font-size: 12px; vertical-align: -0.175em; width: 12px; height: 12px; box-sizing: content-box;"></i><i class="ld ld-StarFill" aria-hidden="true" style="font-size: 12px; vertical-align: -0.175em; width: 12px; height: 12px; box-sizing: content-box;"></i><i class="ld ld-Star" aria-hidden="true" style="font-size: 12px; vertical-align: -0.175em; width: 12px; height: 12px; box-sizing: content-box;"></i></span><span class="sans-serif gray f7" aria-hidden="true" data-testid="product-reviews" data-value="1625">1625</span><span class="w_q67L">4.2302 out of 5 stars. 1625 reviews</span></div><div class="flex items-center mv2"><div class="f7 mr1 blue b lh-copy">Free Delivery with</div><img loading="lazy" class="flex" src="//i5.walmartimages.com/dfw/3ccc2d91-49dd/k2-_2dc6530f-2ead-40b6-8ec8-fedc1c0c8978.v1.png" alt="Walmart Plus" height="20" width="auto"></div><div class="mb2 mt2"><span class="w_q67L">Available for Pickup or Delivery tomorrow</span><span class="w_SrYk w_2ioM w_DNAl w_OAJ4 w_GNSW mr1 mt1 ph1" aria-hidden="true">Pickup</span><span class="w_SrYk w_2ioM w_DNAl w_OAJ4 w_GNSW mr1 mt1 ph1" aria-hidden="true">Delivery tomorrow</span></div></div></div></div></div></div></div><div class="mb0 ph0-xl pt0-xl bb b--near-white w-25 pb3-m ph1"><div class="h-100 pr4-xl pb1-xl pv1 ph1" io-id="6000202865148" style="contain-intrinsic-size: 198px 340px;"><div role="group" data-item-id="6000202865148" class="sans-serif mid-gray relative flex flex-column w-100 hide-child-opacity"><a link-identifier="6000202865149" class="w-100 h-100 z-1 hide-sibling-opacity  absolute" target="" href="/en/ip/Great-Value-Ketchup-Flavoured-Potato-Chips/6000202865149?selectedSellerId=0&amp;from=/search"><span class="w_q67L">Great Value Ketchup Flavoured Potato Chips, 200 g </span></a><div class="" data-testid="list-view"><div class=""><div class=""><div class="h2 relative nowrap mb2"></div><div class="relative"><div class="relative overflow-hidden" style="max-width: 290px; height: 0px; padding-bottom: min(290px, 100%); align-self: center; width: min(290px, 100%);"><span><button type="button" class="bg-white pointer pa0 black bn mt1 mr1 pa1 br4 absolute top-0 right-0 z-2" data-automation-id="heart-item" aria-label="Add to Favourites list, Great Value Ketchup Flavoured Potato Chips, 200 g" style="width: 32px; height: 32px;"><i class="ld ld-Heart  " aria-hidden="true" style="font-size: 1.5rem; vertical-align: -0.25em; padding-top: 1px; width: 1.5rem; height: 1.5rem; box-sizing: content-box;"></i></button></span><img loading="lazy" srcset="https://i5.walmartimages.com/asr/2e04c721-4faa-4038-872f-a6d5f7b0ccb2.33951f3879971db1f888a9df89fa2e03.jpeg?odnHeight=290&amp;odnWidth=290&amp;odnBg=FFFFFF 1x, https://i5.walmartimages.com/asr/2e04c721-4faa-4038-872f-a6d5f7b0ccb2.33951f3879971db1f888a9df89fa2e03.jpeg?odnHeight=580&amp;odnWidth=580&amp;odnBg=FFFFFF 2x" src="https://i5.walmartimages.com/asr/2e04c721-4faa-4038-872f-a6d5f7b0ccb2.33951f3879971db1f888a9df89fa2e03.jpeg?odnHeight=580&amp;odnWidth=580&amp;odnBg=FFFFFF" id="is-0-productImage-27" width="" height="" class="absolute top-0 left-0" data-testid="productTileImage" alt="Great Value Ketchup Flavoured Potato Chips, 200 g" style="height: 100%; left: 50%; top: 50%; transform: translate(-50%, -50%); object-fit: contain;"></div><div class="z-2 absolute bottom--1"><div class="relative dib" data-id="6000202865148"><button class="w_eEg0 w_OoNT w_4QgR pointer bn sans-serif b ph2 flex items-center justify-center w-auto shadow-1" type="button" data-pcss-hide="true" data-automation-id="add-to-cart" aria-label="Add to cart - Great Value Ketchup Flavoured Potato Chips, 200 g"><i class="ld ld-Plus" title="add to cart" style="font-size: 1.5rem; vertical-align: -0.25em; width: 1.5rem; height: 1.5rem; box-sizing: content-box;"></i><span class="mr2">Add</span></button></div></div></div><div class="mt5 mb0" data-testid="variant-6000202865148" style="height: 24px;"></div></div><div class=""><div data-automation-id="product-price" class="flex flex-wrap justify-start items-center lh-title mb1"><div class="mr1 mr2-xl b black lh-copy f5 f4-l" aria-hidden="true">$1.37</div><span class="w_q67L">current price $1.37</span><div class="gray mr1 f7 f6-l">69¢/100g</div></div><div class="mb1 mt2 b f6 black mr1 lh-copy">Great Value</div><span class="w_vi_D" style="-webkit-line-clamp: 3; padding-bottom: 0em; margin-bottom: 0em;"><span data-automation-id="product-title" class="normal dark-gray mb0 mt1 lh-title f6 f5-l lh-copy">Great Value Ketchup Flavoured Potato Chips, 200 g</span></span><div class="flex items-center mt2"><span class="black inline-flex mr1" data-testid="product-ratings" data-value="4.3377"><i class="ld ld-StarFill" aria-hidden="true" style="font-size: 12px; vertical-align: -0.175em; width: 12px; height: 12px; box-sizing: content-box;"></i><i class="ld ld-StarFill" aria-hidden="true" style="font-size: 12px; vertical-align: -0.175em; width: 12px; height: 12px; box-sizing: content-box;"></i><i class="ld ld-StarFill" aria-hidden="true" style="font-size: 12px; vertical-align: -0.175em; width: 12px; height: 12px; box-sizing: content-box;"></i><i class="ld ld-StarFill" aria-hidden="true" style="font-size: 12px; vertical-align: -0.175em; width: 12px; height: 12px; box-sizing: content-box;"></i><i class="ld ld-StarHalf" aria-hidden="true" style="font-size: 12px; vertical-align: -0.175em; width: 12px; height: 12px; box-sizing: content-box;"></i></span><span class="sans-serif gray f7" aria-hidden="true" data-testid="product-reviews" data-value="231">231</span><span class="w_q67L">4.3377 out of 5 stars. 231 reviews</span></div><div class="flex items-center mv2"><div class="f7 mr1 blue b lh-copy">Free Delivery with</div><img loading="lazy" class="flex" src="//i5.walmartimages.com/dfw/3ccc2d91-49dd/k2-_2dc6530f-2ead-40b6-8ec8-fedc1c0c8978.v1.png" alt="Walmart Plus" height="20" width="auto"></div><div class="mb2 mt2"><span class="w_q67L">Available for Pickup or Delivery tomorrow</span><span class="w_SrYk w_2ioM w_DNAl w_OAJ4 w_GNSW mr1 mt1 ph1" aria-hidden="true">Pickup</span><span class="w_SrYk w_2ioM w_DNAl w_OAJ4 w_GNSW mr1 mt1 ph1" aria-hidden="true">Delivery tomorrow</span></div></div></div></div></div></div></div><div class="mb0 ph0-xl pt0-xl bb b--near-white w-25 pb3-m ph1"><div class="h-100 pr4-xl pb1-xl pv1 ph1" io-id="PRD5UYXRUEXZAX2" style="contain-intrinsic-size: 198px 340px;"><div role="group" data-item-id="PRD5UYXRUEXZAX2" class="sans-serif mid-gray relative flex flex-column w-100 hide-child-opacity"><a link-identifier="5UYXRUEXZAX2" class="w-100 h-100 z-1 hide-sibling-opacity  absolute" target="" href="/en/ip/Frito-Lay-Variety-Packs-Flavour-Mix-Flavoured-Snacks/5UYXRUEXZAX2?selectedSellerId=0&amp;from=/search"><span class="w_q67L">Frito-Lay Variety Packs Flavour Mix Flavoured Snacks, 428GM </span></a><div class="" data-testid="list-view"><div class=""><div class=""><div class="h2 relative nowrap mb2"><span class="w_SrYk w_2ioM w_O_Dq w_OAJ4 w_tbLY tag-leading-badge absolute">Best seller</span></div><div class="relative"><div class="relative overflow-hidden" style="max-width: 290px; height: 0px; padding-bottom: min(290px, 100%); align-self: center; width: min(290px, 100%);"><span><button type="button" class="bg-white pointer pa0 black bn mt1 mr1 pa1 br4 absolute top-0 right-0 z-2" data-automation-id="heart-item" aria-label="Add to Favourites list, Frito-Lay Variety Packs Flavour Mix Flavoured Snacks, 428GM" style="width: 32px; height: 32px;"><i class="ld ld-Heart  " aria-hidden="true" style="font-size: 1.5rem; vertical-align: -0.25em; padding-top: 1px; width: 1.5rem; height: 1.5rem; box-sizing: content-box;"></i></button></span><img loading="lazy" srcset="https://i5.walmartimages.com/asr/fff57ecc-82dc-44f3-a190-226ffffa3714.2eb6880034d164c88d017ce6e0310e19.jpeg?odnHeight=290&amp;odnWidth=290&amp;odnBg=FFFFFF 1x, https://i5.walmartimages.com/asr/fff57ecc-82dc-44f3-a190-226ffffa3714.2eb6880034d164c88d017ce6e0310e19.jpeg?odnHeight=580&amp;odnWidth=580&amp;odnBg=FFFFFF 2x" src="https://i5.walmartimages.com/asr/fff57ecc-82dc-44f3-a190-226ffffa3714.2eb6880034d164c88d017ce6e0310e19.jpeg?odnHeight=580&amp;odnWidth=580&amp;odnBg=FFFFFF" id="is-0-productImage-28" width="" height="" class="absolute top-0 left-0" data-testid="productTileImage" alt="Frito-Lay Variety Packs Flavour Mix Flavoured Snacks, 428GM" style="height: 100%; left: 50%; top: 50%; transform: translate(-50%, -50%); object-fit: contain;"></div><div class="z-2 absolute bottom--1"><div class="relative dib" data-id="PRD5UYXRUEXZAX2"><button class="w_eEg0 w_OoNT w_4QgR pointer bn sans-serif b ph2 flex items-center justify-center w-auto shadow-1" type="button" data-pcss-hide="true" data-automation-id="add-to-cart" aria-label="Add to cart - Frito-Lay Variety Packs Flavour Mix Flavoured Snacks, 428GM"><i class="ld ld-Plus" title="add to cart" style="font-size: 1.5rem; vertical-align: -0.25em; width: 1.5rem; height: 1.5rem; box-sizing: content-box;"></i><span class="mr2">Add</span></button></div></div></div><div class="mt5 mb0" data-testid="variant-PRD5UYXRUEXZAX2" style="height: 24px;"></div></div><div class=""><div data-automation-id="product-price" class="flex flex-wrap justify-start items-center lh-title mb1"><div class="mr1 mr2-xl b black lh-copy f5 f4-l" aria-hidden="true">$8.97</div><span class="w_q67L">current price $8.97</span></div><div class="mb1 mt2 b f6 black mr1 lh-copy">Frito-Lay</div><span class="w_vi_D" style="-webkit-line-clamp: 3; padding-bottom: 0em; margin-bottom: 0em;"><span data-automation-id="product-title" class="normal dark-gray mb0 mt1 lh-title f6 f5-l lh-copy">Frito-Lay Variety Packs Flavour Mix Flavoured Snacks, 428GM</span></span><div class="flex items-center mt2"><span class="black inline-flex mr1" data-testid="product-ratings" data-value="4.2308"><i class="ld ld-StarFill" aria-hidden="true" style="font-size: 12px; vertical-align: -0.175em; width: 12px; height: 12px; box-sizing: content-box;"></i><i class="ld ld-StarFill" aria-hidden="true" style="font-size: 12px; vertical-align: -0.175em; width: 12px; height: 12px; box-sizing: content-box;"></i><i class="ld ld-StarFill" aria-hidden="true" style="font-size: 12px; vertical-align: -0.175em; width: 12px; height: 12px; box-sizing: content-box;"></i><i class="ld ld-StarFill" aria-hidden="true" style="font-size: 12px; vertical-align: -0.175em; width: 12px; height: 12px; box-sizing: content-box;"></i><i class="ld ld-Star" aria-hidden="true" style="font-size: 12px; vertical-align: -0.175em; width: 12px; height: 12px; box-sizing: content-box;"></i></span><span class="sans-serif gray f7" aria-hidden="true" data-testid="product-reviews" data-value="65">65</span><span class="w_q67L">4.2308 out of 5 stars. 65 reviews</span></div><div class="flex items-center mv2"><div class="f7 mr1 blue b lh-copy">Free Delivery with</div><img loading="lazy" class="flex" src="//i5.walmartimages.com/dfw/3ccc2d91-49dd/k2-_2dc6530f-2ead-40b6-8ec8-fedc1c0c8978.v1.png" alt="Walmart Plus" height="20" width="auto"></div><div class="mb2 mt2"><span class="w_q67L">Available for Pickup or Delivery tomorrow</span><span class="w_SrYk w_2ioM w_DNAl w_OAJ4 w_GNSW mr1 mt1 ph1" aria-hidden="true">Pickup</span><span class="w_SrYk w_2ioM w_DNAl w_OAJ4 w_GNSW mr1 mt1 ph1" aria-hidden="true">Delivery tomorrow</span></div></div></div></div></div></div></div><div class="mb0 ph0-xl pt0-xl bb b--near-white w-25 pb3-m ph1"><div class="h-100 pr4-xl pb1-xl pv1 ph1" io-id="6000188672350" style="contain-intrinsic-size: 198px 340px;"><div role="group" data-item-id="6000188672350" class="sans-serif mid-gray relative flex flex-column w-100 hide-child-opacity"><a link-identifier="6000188672351" class="w-100 h-100 z-1 hide-sibling-opacity  absolute" target="" href="/en/ip/Great-Value-Sour-Cream-Onion-Flavoured-Rings/6000188672351?selectedSellerId=0&amp;from=/search"><span class="w_q67L">Great Value Sour Cream &amp; Onion Flavoured Rings, 150 g </span></a><div class="" data-testid="list-view"><div class=""><div class=""><div class="h2 relative nowrap mb2"><span class="w_SrYk w_2ioM w_O_Dq w_OAJ4 w_tbLY tag-leading-badge absolute">Best seller</span></div><div class="relative"><div class="relative overflow-hidden" style="max-width: 290px; height: 0px; padding-bottom: min(290px, 100%); align-self: center; width: min(290px, 100%);"><span><button type="button" class="bg-white pointer pa0 black bn mt1 mr1 pa1 br4 absolute top-0 right-0 z-2" data-automation-id="heart-item" aria-label="Add to Favourites list, Great Value Sour Cream &amp; Onion Flavoured Rings, 150 g" style="width: 32px; height: 32px;"><i class="ld ld-Heart  " aria-hidden="true" style="font-size: 1.5rem; vertical-align: -0.25em; padding-top: 1px; width: 1.5rem; height: 1.5rem; box-sizing: content-box;"></i></button></span><img loading="lazy" srcset="https://i5.walmartimages.com/asr/2b4dac7c-f3de-424d-ae47-71a17de0f3c8.ef147e2523ee8a734ff3239ee2d46118.jpeg?odnHeight=290&amp;odnWidth=290&amp;odnBg=FFFFFF 1x, https://i5.walmartimages.com/asr/2b4dac7c-f3de-424d-ae47-71a17de0f3c8.ef147e2523ee8a734ff3239ee2d46118.jpeg?odnHeight=580&amp;odnWidth=580&amp;odnBg=FFFFFF 2x" src="https://i5.walmartimages.com/asr/2b4dac7c-f3de-424d-ae47-71a17de0f3c8.ef147e2523ee8a734ff3239ee2d46118.jpeg?odnHeight=580&amp;odnWidth=580&amp;odnBg=FFFFFF" id="is-0-productImage-29" width="" height="" class="absolute top-0 left-0" data-testid="productTileImage" alt="Great Value Sour Cream &amp; Onion Flavoured Rings, 150 g" style="height: 100%; left: 50%; top: 50%; transform: translate(-50%, -50%); object-fit: contain;"></div><div class="z-2 absolute bottom--1"><div class="relative dib" data-id="6000188672350"><button class="w_eEg0 w_OoNT w_4QgR pointer bn sans-serif b ph2 flex items-center justify-center w-auto shadow-1" type="button" data-pcss-hide="true" data-automation-id="add-to-cart" aria-label="Add to cart - Great Value Sour Cream &amp; Onion Flavoured Rings, 150 g"><i class="ld ld-Plus" title="add to cart" style="font-size: 1.5rem; vertical-align: -0.25em; width: 1.5rem; height: 1.5rem; box-sizing: content-box;"></i><span class="mr2">Add</span></button></div></div></div><div class="mt5 mb0" data-testid="variant-6000188672350" style="height: 24px;"></div></div><div class=""><div data-automation-id="product-price" class="flex flex-wrap justify-start items-center lh-title mb1"><div class="mr1 mr2-xl b black lh-copy f5 f4-l" aria-hidden="true">$1.67</div><span class="w_q67L">current price $1.67</span><div class="gray mr1 f7 f6-l">$1.11/100g</div></div><div class="mb1 mt2 b f6 black mr1 lh-copy">Great Value</div><span class="w_vi_D" style="-webkit-line-clamp: 3; padding-bottom: 0em; margin-bottom: 0em;"><span data-automation-id="product-title" class="normal dark-gray mb0 mt1 lh-title f6 f5-l lh-copy">Great Value Sour Cream &amp; Onion Flavoured Rings, 150 g</span></span><div class="flex items-center mt2"><span class="black inline-flex mr1" data-testid="product-ratings" data-value="4.2308"><i class="ld ld-StarFill" aria-hidden="true" style="font-size: 12px; vertical-align: -0.175em; width: 12px; height: 12px; box-sizing: content-box;"></i><i class="ld ld-StarFill" aria-hidden="true" style="font-size: 12px; vertical-align: -0.175em; width: 12px; height: 12px; box-sizing: content-box;"></i><i class="ld ld-StarFill" aria-hidden="true" style="font-size: 12px; vertical-align: -0.175em; width: 12px; height: 12px; box-sizing: content-box;"></i><i class="ld ld-StarFill" aria-hidden="true" style="font-size: 12px; vertical-align: -0.175em; width: 12px; height: 12px; box-sizing: content-box;"></i><i class="ld ld-Star" aria-hidden="true" style="font-size: 12px; vertical-align: -0.175em; width: 12px; height: 12px; box-sizing: content-box;"></i></span><span class="sans-serif gray f7" aria-hidden="true" data-testid="product-reviews" data-value="208">208</span><span class="w_q67L">4.2308 out of 5 stars. 208 reviews</span></div><div class="flex items-center mv2"><div class="f7 mr1 blue b lh-copy">Free Delivery with</div><img loading="lazy" class="flex" src="//i5.walmartimages.com/dfw/3ccc2d91-49dd/k2-_2dc6530f-2ead-40b6-8ec8-fedc1c0c8978.v1.png" alt="Walmart Plus" height="20" width="auto"></div><div class="mb2 mt2"><span class="w_q67L">Available for Pickup or Delivery tomorrow</span><span class="w_SrYk w_2ioM w_DNAl w_OAJ4 w_GNSW mr1 mt1 ph1" aria-hidden="true">Pickup</span><span class="w_SrYk w_2ioM w_DNAl w_OAJ4 w_GNSW mr1 mt1 ph1" aria-hidden="true">Delivery tomorrow</span></div></div></div></div></div></div></div><div class="mb0 ph0-xl pt0-xl bb b--near-white w-25 pb3-m ph1"><div class="h-100 pr4-xl pb1-xl pv1 ph1" io-id="PRD5WYIUI6JACBL" style="contain-intrinsic-size: 198px 340px;"><div role="group" data-item-id="PRD5WYIUI6JACBL" class="sans-serif mid-gray relative flex flex-column w-100 hide-child-opacity"><a link-identifier="5WYIUI6JACBL" class="w-100 h-100 z-1 hide-sibling-opacity  absolute" target="" href="/en/ip/Pringles-Mingles-Cheddar-Sour-Cream-Flavour-155g/5WYIUI6JACBL?selectedSellerId=0&amp;from=/search"><span class="w_q67L">Pringles Mingles Cheddar &amp; Sour Cream Flavour 155g, PRG MNGLS CA CHDR&amp;SRCRM PFD SNKS 155GMX6 </span></a><div class="" data-testid="list-view"><div class=""><div class=""><div class="h2 relative nowrap mb2"></div><div class="relative"><div class="relative overflow-hidden" style="max-width: 290px; height: 0px; padding-bottom: min(290px, 100%); align-self: center; width: min(290px, 100%);"><span><button type="button" class="bg-white pointer pa0 black bn mt1 mr1 pa1 br4 absolute top-0 right-0 z-2" data-automation-id="heart-item" aria-label="Add to Favourites list, Pringles Mingles Cheddar &amp; Sour Cream Flavour 155g, PRG MNGLS CA CHDR&amp;SRCRM PFD SNKS 155GMX6" style="width: 32px; height: 32px;"><i class="ld ld-Heart  " aria-hidden="true" style="font-size: 1.5rem; vertical-align: -0.25em; padding-top: 1px; width: 1.5rem; height: 1.5rem; box-sizing: content-box;"></i></button></span><img loading="lazy" srcset="https://i5.walmartimages.com/asr/21c5112c-3c8a-4feb-b63b-249f5949228b.e89a6f92c4ed7add45c4c6dddd3ff72d.jpeg?odnHeight=290&amp;odnWidth=290&amp;odnBg=FFFFFF 1x, https://i5.walmartimages.com/asr/21c5112c-3c8a-4feb-b63b-249f5949228b.e89a6f92c4ed7add45c4c6dddd3ff72d.jpeg?odnHeight=580&amp;odnWidth=580&amp;odnBg=FFFFFF 2x" src="https://i5.walmartimages.com/asr/21c5112c-3c8a-4feb-b63b-249f5949228b.e89a6f92c4ed7add45c4c6dddd3ff72d.jpeg?odnHeight=580&amp;odnWidth=580&amp;odnBg=FFFFFF" id="is-0-productImage-30" width="" height="" class="absolute top-0 left-0" data-testid="productTileImage" alt="Pringles Mingles Cheddar &amp; Sour Cream Flavour 155g, PRG MNGLS CA CHDR&amp;SRCRM PFD SNKS 155GMX6" style="height: 100%; left: 50%; top: 50%; transform: translate(-50%, -50%); object-fit: contain;"></div><div class="z-2 absolute bottom--1"><div class="relative dib" data-id="PRD5WYIUI6JACBL"><button class="w_eEg0 w_OoNT w_4QgR pointer bn sans-serif b ph2 flex items-center justify-center w-auto shadow-1" type="button" data-pcss-hide="true" data-automation-id="add-to-cart" aria-label="Add to cart - Pringles Mingles Cheddar &amp; Sour Cream Flavour 155g, PRG MNGLS CA CHDR&amp;SRCRM PFD SNKS 155GMX6"><i class="ld ld-Plus" title="add to cart" style="font-size: 1.5rem; vertical-align: -0.25em; width: 1.5rem; height: 1.5rem; box-sizing: content-box;"></i><span class="mr2">Add</span></button></div></div></div><div class="mt5 mb0" data-testid="variant-PRD5WYIUI6JACBL" style="height: 24px;"></div></div><div class=""><div data-automation-id="product-price" class="flex flex-wrap justify-start items-center lh-title mb1"><div class="mr1 mr2-xl b black lh-copy f5 f4-l" aria-hidden="true">$3.97</div><span class="w_q67L">current price $3.97</span><div class="gray mr1 f7 f6-l">$2.56/100g</div></div><div class="mb1 mt2 b f6 black mr1 lh-copy">Pringles</div><span class="w_vi_D" style="-webkit-line-clamp: 3; padding-bottom: 0em; margin-bottom: 0em;"><span data-automation-id="product-title" class="normal dark-gray mb0 mt1 lh-title f6 f5-l lh-copy">Pringles Mingles Cheddar &amp; Sour Cream Flavour 155g, PRG MNGLS CA CHDR&amp;SRCRM PFD SNKS 155GMX6</span></span><div class="flex items-center mt2"><span class="black inline-flex mr1" data-testid="product-ratings" data-value="3.4364"><i class="ld ld-StarFill" aria-hidden="true" style="font-size: 12px; vertical-align: -0.175em; width: 12px; height: 12px; box-sizing: content-box;"></i><i class="ld ld-StarFill" aria-hidden="true" style="font-size: 12px; vertical-align: -0.175em; width: 12px; height: 12px; box-sizing: content-box;"></i><i class="ld ld-StarFill" aria-hidden="true" style="font-size: 12px; vertical-align: -0.175em; width: 12px; height: 12px; box-sizing: content-box;"></i><i class="ld ld-StarHalf" aria-hidden="true" style="font-size: 12px; vertical-align: -0.175em; width: 12px; height: 12px; box-sizing: content-box;"></i><i class="ld ld-Star" aria-hidden="true" style="font-size: 12px; vertical-align: -0.175em; width: 12px; height: 12px; box-sizing: content-box;"></i></span><span class="sans-serif gray f7" aria-hidden="true" data-testid="product-reviews" data-value="55">55</span><span class="w_q67L">3.4364 out of 5 stars. 55 reviews</span></div><div class="flex items-center mv2"><div class="f7 mr1 blue b lh-copy">Free Delivery with</div><img loading="lazy" class="flex" src="//i5.walmartimages.com/dfw/3ccc2d91-49dd/k2-_2dc6530f-2ead-40b6-8ec8-fedc1c0c8978.v1.png" alt="Walmart Plus" height="20" width="auto"></div><div class="mb2 mt2"><span class="w_q67L">Available for Pickup or Delivery tomorrow</span><span class="w_SrYk w_2ioM w_DNAl w_OAJ4 w_GNSW mr1 mt1 ph1" aria-hidden="true">Pickup</span><span class="w_SrYk w_2ioM w_DNAl w_OAJ4 w_GNSW mr1 mt1 ph1" aria-hidden="true">Delivery tomorrow</span></div></div></div></div></div></div></div><div class="mb0 ph0-xl pt0-xl bb b--near-white w-25 pb3-m ph1"><div class="h-100 pr4-xl pb1-xl pv1 ph1" io-id="6000199059432" style="contain-intrinsic-size: 198px 340px;"><div role="group" data-item-id="6000199059432" class="sans-serif mid-gray relative flex flex-column w-100 hide-child-opacity"><a link-identifier="6000199059433" class="w-100 h-100 z-1 hide-sibling-opacity  absolute" target="" href="/en/ip/Great-Value-Buttery-Flavoured-Corn-Puffs/6000199059433?selectedSellerId=0&amp;from=/search"><span class="w_q67L">Great Value Buttery Flavoured Corn Puffs, 125 g </span></a><div class="" data-testid="list-view"><div class=""><div class=""><div class="h2 relative nowrap mb2"><span class="w_SrYk w_2ioM w_O_Dq w_OAJ4 w_tbLY tag-leading-badge absolute">Best seller</span></div><div class="relative"><div class="relative overflow-hidden" style="max-width: 290px; height: 0px; padding-bottom: min(290px, 100%); align-self: center; width: min(290px, 100%);"><span><button type="button" class="bg-white pointer pa0 black bn mt1 mr1 pa1 br4 absolute top-0 right-0 z-2" data-automation-id="heart-item" aria-label="Add to Favourites list, Great Value Buttery Flavoured Corn Puffs, 125 g" style="width: 32px; height: 32px;"><i class="ld ld-Heart  " aria-hidden="true" style="font-size: 1.5rem; vertical-align: -0.25em; padding-top: 1px; width: 1.5rem; height: 1.5rem; box-sizing: content-box;"></i></button></span><img loading="lazy" srcset="https://i5.walmartimages.com/asr/1b84b451-b98b-4b31-9d12-cf8299b2ffeb.b4996816bf99028c739ddfe397568d6a.jpeg?odnHeight=290&amp;odnWidth=290&amp;odnBg=FFFFFF 1x, https://i5.walmartimages.com/asr/1b84b451-b98b-4b31-9d12-cf8299b2ffeb.b4996816bf99028c739ddfe397568d6a.jpeg?odnHeight=580&amp;odnWidth=580&amp;odnBg=FFFFFF 2x" src="https://i5.walmartimages.com/asr/1b84b451-b98b-4b31-9d12-cf8299b2ffeb.b4996816bf99028c739ddfe397568d6a.jpeg?odnHeight=580&amp;odnWidth=580&amp;odnBg=FFFFFF" id="is-0-productImage-31" width="" height="" class="absolute top-0 left-0" data-testid="productTileImage" alt="Great Value Buttery Flavoured Corn Puffs, 125 g" style="height: 100%; left: 50%; top: 50%; transform: translate(-50%, -50%); object-fit: contain;"></div><div class="z-2 absolute bottom--1"><div class="relative dib" data-id="6000199059432"><button class="w_eEg0 w_OoNT w_4QgR pointer bn sans-serif b ph2 flex items-center justify-center w-auto shadow-1" type="button" data-pcss-hide="true" data-automation-id="add-to-cart" aria-label="Add to cart - Great Value Buttery Flavoured Corn Puffs, 125 g"><i class="ld ld-Plus" title="add to cart" style="font-size: 1.5rem; vertical-align: -0.25em; width: 1.5rem; height: 1.5rem; box-sizing: content-box;"></i><span class="mr2">Add</span></button></div></div></div><div class="mt5 mb0" data-testid="variant-6000199059432" style="height: 24px;"></div></div><div class=""><div data-automation-id="product-price" class="flex flex-wrap justify-start items-center lh-title mb1"><div class="mr1 mr2-xl b black lh-copy f5 f4-l" aria-hidden="true">$1.67</div><span class="w_q67L">current price $1.67</span><div class="gray mr1 f7 f6-l">$1.34/100g</div></div><div class="mb1 mt2 b f6 black mr1 lh-copy">Great Value</div><span class="w_vi_D" style="-webkit-line-clamp: 3; padding-bottom: 0em; margin-bottom: 0em;"><span data-automation-id="product-title" class="normal dark-gray mb0 mt1 lh-title f6 f5-l lh-copy">Great Value Buttery Flavoured Corn Puffs, 125 g</span></span><div class="flex items-center mt2"><span class="black inline-flex mr1" data-testid="product-ratings" data-value="4.1711"><i class="ld ld-StarFill" aria-hidden="true" style="font-size: 12px; vertical-align: -0.175em; width: 12px; height: 12px; box-sizing: content-box;"></i><i class="ld ld-StarFill" aria-hidden="true" style="font-size: 12px; vertical-align: -0.175em; width: 12px; height: 12px; box-sizing: content-box;"></i><i class="ld ld-StarFill" aria-hidden="true" style="font-size: 12px; vertical-align: -0.175em; width: 12px; height: 12px; box-sizing: content-box;"></i><i class="ld ld-StarFill" aria-hidden="true" style="font-size: 12px; vertical-align: -0.175em; width: 12px; height: 12px; box-sizing: content-box;"></i><i class="ld ld-Star" aria-hidden="true" style="font-size: 12px; vertical-align: -0.175em; width: 12px; height: 12px; box-sizing: content-box;"></i></span><span class="sans-serif gray f7" aria-hidden="true" data-testid="product-reviews" data-value="76">76</span><span class="w_q67L">4.1711 out of 5 stars. 76 reviews</span></div><div class="flex items-center mv2"><div class="f7 mr1 blue b lh-copy">Free Delivery with</div><img loading="lazy" class="flex" src="//i5.walmartimages.com/dfw/3ccc2d91-49dd/k2-_2dc6530f-2ead-40b6-8ec8-fedc1c0c8978.v1.png" alt="Walmart Plus" height="20" width="auto"></div><div class="mb2 mt2"><span class="w_q67L">Available for Pickup or Delivery tomorrow</span><span class="w_SrYk w_2ioM w_DNAl w_OAJ4 w_GNSW mr1 mt1 ph1" aria-hidden="true">Pickup</span><span class="w_SrYk w_2ioM w_DNAl w_OAJ4 w_GNSW mr1 mt1 ph1" aria-hidden="true">Delivery tomorrow</span></div></div></div></div></div></div></div><div class="mb0 ph0-xl pt0-xl bb b--near-white w-25 pb3-m ph1"><div class="h-100 pr4-xl pb1-xl pv1 ph1" io-id="PRD3F8CLRNI6RVD" style="contain-intrinsic-size: 198px 340px;"><div role="group" data-item-id="PRD3F8CLRNI6RVD" class="sans-serif mid-gray relative flex flex-column w-100 hide-child-opacity"><a link-identifier="3F8CLRNI6RVD" class="w-100 h-100 z-1 hide-sibling-opacity  absolute" target="" href="/en/ip/Great-Value-Secret-Recipe-Series-Spicy-Queso-Flavoured-Rings/3F8CLRNI6RVD?selectedSellerId=0&amp;from=/search"><span class="w_q67L">Great Value Secret Recipe Series Spicy Queso Flavoured Rings, 150 g </span></a><div class="" data-testid="list-view"><div class=""><div class=""><div class="h2 relative nowrap mb2"></div><div class="relative"><div class="relative overflow-hidden" style="max-width: 290px; height: 0px; padding-bottom: min(290px, 100%); align-self: center; width: min(290px, 100%);"><span><button type="button" class="bg-white pointer pa0 black bn mt1 mr1 pa1 br4 absolute top-0 right-0 z-2" data-automation-id="heart-item" aria-label="Add to Favourites list, Great Value Secret Recipe Series Spicy Queso Flavoured Rings, 150 g" style="width: 32px; height: 32px;"><i class="ld ld-Heart  " aria-hidden="true" style="font-size: 1.5rem; vertical-align: -0.25em; padding-top: 1px; width: 1.5rem; height: 1.5rem; box-sizing: content-box;"></i></button></span><img loading="lazy" srcset="https://i5.walmartimages.com/asr/5c97b78e-5868-45ab-a21b-37df32d96a50.d95d9c19e5cb69f02f188f3730806911.jpeg?odnHeight=290&amp;odnWidth=290&amp;odnBg=FFFFFF 1x, https://i5.walmartimages.com/asr/5c97b78e-5868-45ab-a21b-37df32d96a50.d95d9c19e5cb69f02f188f3730806911.jpeg?odnHeight=580&amp;odnWidth=580&amp;odnBg=FFFFFF 2x" src="https://i5.walmartimages.com/asr/5c97b78e-5868-45ab-a21b-37df32d96a50.d95d9c19e5cb69f02f188f3730806911.jpeg?odnHeight=580&amp;odnWidth=580&amp;odnBg=FFFFFF" id="is-0-productImage-32" width="" height="" class="absolute top-0 left-0" data-testid="productTileImage" alt="Great Value Secret Recipe Series Spicy Queso Flavoured Rings, 150 g" style="height: 100%; left: 50%; top: 50%; transform: translate(-50%, -50%); object-fit: contain;"></div><div class="z-2 absolute bottom--1"><div class="relative dib" data-id="PRD3F8CLRNI6RVD"><button class="w_eEg0 w_OoNT w_4QgR pointer bn sans-serif b ph2 flex items-center justify-center w-auto shadow-1" type="button" data-pcss-hide="true" data-automation-id="add-to-cart" aria-label="Add to cart - Great Value Secret Recipe Series Spicy Queso Flavoured Rings, 150 g"><i class="ld ld-Plus" title="add to cart" style="font-size: 1.5rem; vertical-align: -0.25em; width: 1.5rem; height: 1.5rem; box-sizing: content-box;"></i><span class="mr2">Add</span></button></div></div></div><div class="mt5 mb0" data-testid="variant-PRD3F8CLRNI6RVD" style="height: 24px;"></div></div><div class=""><div data-automation-id="product-price" class="flex flex-wrap justify-start items-center lh-title mb1"><div class="mr1 mr2-xl b black lh-copy f5 f4-l" aria-hidden="true">$1.97</div><span class="w_q67L">current price $1.97</span></div><div class="mb1 mt2 b f6 black mr1 lh-copy">Great Value</div><span class="w_vi_D" style="-webkit-line-clamp: 3; padding-bottom: 0em; margin-bottom: 0em;"><span data-automation-id="product-title" class="normal dark-gray mb0 mt1 lh-title f6 f5-l lh-copy">Great Value Secret Recipe Series Spicy Queso Flavoured Rings, 150 g</span></span><div class="flex items-center mt2"><span class="black inline-flex mr1" data-testid="product-ratings" data-value="4.5"><i class="ld ld-StarFill" aria-hidden="true" style="font-size: 12px; vertical-align: -0.175em; width: 12px; height: 12px; box-sizing: content-box;"></i><i class="ld ld-StarFill" aria-hidden="true" style="font-size: 12px; vertical-align: -0.175em; width: 12px; height: 12px; box-sizing: content-box;"></i><i class="ld ld-StarFill" aria-hidden="true" style="font-size: 12px; vertical-align: -0.175em; width: 12px; height: 12px; box-sizing: content-box;"></i><i class="ld ld-StarFill" aria-hidden="true" style="font-size: 12px; vertical-align: -0.175em; width: 12px; height: 12px; box-sizing: content-box;"></i><i class="ld ld-StarHalf" aria-hidden="true" style="font-size: 12px; vertical-align: -0.175em; width: 12px; height: 12px; box-sizing: content-box;"></i></span><span class="sans-serif gray f7" aria-hidden="true" data-testid="product-reviews" data-value="26">26</span><span class="w_q67L">4.5 out of 5 stars. 26 reviews</span></div><div class="flex items-center mv2"><div class="f7 mr1 blue b lh-copy">Free Delivery with</div><img loading="lazy" class="flex" src="//i5.walmartimages.com/dfw/3ccc2d91-49dd/k2-_2dc6530f-2ead-40b6-8ec8-fedc1c0c8978.v1.png" alt="Walmart Plus" height="20" width="auto"></div><div class="mb2 mt2"><span class="w_q67L">Available for Pickup or Delivery tomorrow</span><span class="w_SrYk w_2ioM w_DNAl w_OAJ4 w_GNSW mr1 mt1 ph1" aria-hidden="true">Pickup</span><span class="w_SrYk w_2ioM w_DNAl w_OAJ4 w_GNSW mr1 mt1 ph1" aria-hidden="true">Delivery tomorrow</span></div></div></div></div></div></div></div><div class="mb0 ph0-xl pt0-xl bb b--near-white w-25 pb3-m ph1"><div class="h-100 pr4-xl pb1-xl pv1 ph1" io-id="6000202867444" style="contain-intrinsic-size: 198px 340px;"><div role="group" data-item-id="6000202867444" class="sans-serif mid-gray relative flex flex-column w-100 hide-child-opacity"><a link-identifier="6000202867445" class="w-100 h-100 z-1 hide-sibling-opacity  absolute" target="" href="/en/ip/Great-Value-Regular-Potato-Chips/6000202867445?selectedSellerId=0&amp;from=/search"><span class="w_q67L">Great Value Regular Potato Chips, 200 g </span></a><div class="" data-testid="list-view"><div class=""><div class=""><div class="h2 relative nowrap mb2"></div><div class="relative"><div class="relative overflow-hidden" style="max-width: 290px; height: 0px; padding-bottom: min(290px, 100%); align-self: center; width: min(290px, 100%);"><span><button type="button" class="bg-white pointer pa0 black bn mt1 mr1 pa1 br4 absolute top-0 right-0 z-2" data-automation-id="heart-item" aria-label="Add to Favourites list, Great Value Regular Potato Chips, 200 g" style="width: 32px; height: 32px;"><i class="ld ld-Heart  " aria-hidden="true" style="font-size: 1.5rem; vertical-align: -0.25em; padding-top: 1px; width: 1.5rem; height: 1.5rem; box-sizing: content-box;"></i></button></span><img loading="lazy" srcset="https://i5.walmartimages.com/asr/80061268-7b49-4966-8422-8df9fdd38c82.5d891681bc8af5b3b606c9b08e3349af.jpeg?odnHeight=290&amp;odnWidth=290&amp;odnBg=FFFFFF 1x, https://i5.walmartimages.com/asr/80061268-7b49-4966-8422-8df9fdd38c82.5d891681bc8af5b3b606c9b08e3349af.jpeg?odnHeight=580&amp;odnWidth=580&amp;odnBg=FFFFFF 2x" src="https://i5.walmartimages.com/asr/80061268-7b49-4966-8422-8df9fdd38c82.5d891681bc8af5b3b606c9b08e3349af.jpeg?odnHeight=580&amp;odnWidth=580&amp;odnBg=FFFFFF" id="is-0-productImage-33" width="" height="" class="absolute top-0 left-0" data-testid="productTileImage" alt="Great Value Regular Potato Chips, 200 g" style="height: 100%; left: 50%; top: 50%; transform: translate(-50%, -50%); object-fit: contain;"></div><div class="z-2 absolute bottom--1"><div class="relative dib" data-id="6000202867444"><button class="w_eEg0 w_OoNT w_4QgR pointer bn sans-serif b ph2 flex items-center justify-center w-auto shadow-1" type="button" data-pcss-hide="true" data-automation-id="add-to-cart" aria-label="Add to cart - Great Value Regular Potato Chips, 200 g"><i class="ld ld-Plus" title="add to cart" style="font-size: 1.5rem; vertical-align: -0.25em; width: 1.5rem; height: 1.5rem; box-sizing: content-box;"></i><span class="mr2">Add</span></button></div></div></div><div class="mt5 mb0" data-testid="variant-6000202867444" style="height: 24px;"></div></div><div class=""><div data-automation-id="product-price" class="flex flex-wrap justify-start items-center lh-title mb1"><div class="mr1 mr2-xl b black lh-copy f5 f4-l" aria-hidden="true">$1.37</div><span class="w_q67L">current price $1.37</span><div class="gray mr1 f7 f6-l">69¢/100g</div></div><div class="mb1 mt2 b f6 black mr1 lh-copy">Great Value</div><span class="w_vi_D" style="-webkit-line-clamp: 3; padding-bottom: 0em; margin-bottom: 0em;"><span data-automation-id="product-title" class="normal dark-gray mb0 mt1 lh-title f6 f5-l lh-copy">Great Value Regular Potato Chips, 200 g</span></span><div class="flex items-center mt2"><span class="black inline-flex mr1" data-testid="product-ratings" data-value="4.2406"><i class="ld ld-StarFill" aria-hidden="true" style="font-size: 12px; vertical-align: -0.175em; width: 12px; height: 12px; box-sizing: content-box;"></i><i class="ld ld-StarFill" aria-hidden="true" style="font-size: 12px; vertical-align: -0.175em; width: 12px; height: 12px; box-sizing: content-box;"></i><i class="ld ld-StarFill" aria-hidden="true" style="font-size: 12px; vertical-align: -0.175em; width: 12px; height: 12px; box-sizing: content-box;"></i><i class="ld ld-StarFill" aria-hidden="true" style="font-size: 12px; vertical-align: -0.175em; width: 12px; height: 12px; box-sizing: content-box;"></i><i class="ld ld-Star" aria-hidden="true" style="font-size: 12px; vertical-align: -0.175em; width: 12px; height: 12px; box-sizing: content-box;"></i></span><span class="sans-serif gray f7" aria-hidden="true" data-testid="product-reviews" data-value="320">320</span><span class="w_q67L">4.2406 out of 5 stars. 320 reviews</span></div><div class="flex items-center mv2"><div class="f7 mr1 blue b lh-copy">Free Delivery with</div><img loading="lazy" class="flex" src="//i5.walmartimages.com/dfw/3ccc2d91-49dd/k2-_2dc6530f-2ead-40b6-8ec8-fedc1c0c8978.v1.png" alt="Walmart Plus" height="20" width="auto"></div><div class="mb2 mt2"><span class="w_q67L">Available for Pickup or Delivery tomorrow</span><span class="w_SrYk w_2ioM w_DNAl w_OAJ4 w_GNSW mr1 mt1 ph1" aria-hidden="true">Pickup</span><span class="w_SrYk w_2ioM w_DNAl w_OAJ4 w_GNSW mr1 mt1 ph1" aria-hidden="true">Delivery tomorrow</span></div></div></div></div></div></div></div><div class="mb0 ph0-xl pt0-xl bb b--near-white w-25 pb3-m ph1"><div class="h-100 pr4-xl pb1-xl pv1 ph1" io-id="PRD5Z83K3NXSMM8" style="contain-intrinsic-size: 198px 340px;"><div role="group" data-item-id="PRD5Z83K3NXSMM8" class="sans-serif mid-gray relative flex flex-column w-100 hide-child-opacity"><a link-identifier="5Z83K3NXSMM8" class="w-100 h-100 z-1 hide-sibling-opacity  absolute" target="" href="/en/ip/Great-Value-Classic-Mix-Potato-Chips/5Z83K3NXSMM8?selectedSellerId=0&amp;from=/search"><span class="w_q67L">Great Value Classic Mix Potato Chips, 504 g (18 bags x 28 g) </span></a><div class="" data-testid="list-view"><div class=""><div class=""><div class="h2 relative nowrap mb2"><span class="w_SrYk w_2ioM w_O_Dq w_OAJ4 w_tbLY tag-leading-badge absolute">Best seller</span></div><div class="relative"><div class="relative overflow-hidden" style="max-width: 290px; height: 0px; padding-bottom: min(290px, 100%); align-self: center; width: min(290px, 100%);"><span><button type="button" class="bg-white pointer pa0 black bn mt1 mr1 pa1 br4 absolute top-0 right-0 z-2" data-automation-id="heart-item" aria-label="Add to Favourites list, Great Value Classic Mix Potato Chips, 504 g (18 bags x 28 g)" style="width: 32px; height: 32px;"><i class="ld ld-Heart  " aria-hidden="true" style="font-size: 1.5rem; vertical-align: -0.25em; padding-top: 1px; width: 1.5rem; height: 1.5rem; box-sizing: content-box;"></i></button></span><img loading="lazy" srcset="https://i5.walmartimages.com/asr/1ff5d5cc-b9bf-4cae-8ea8-3367a26df368.482da92ef626a637c17bff08bad2eed8.jpeg?odnHeight=290&amp;odnWidth=290&amp;odnBg=FFFFFF 1x, https://i5.walmartimages.com/asr/1ff5d5cc-b9bf-4cae-8ea8-3367a26df368.482da92ef626a637c17bff08bad2eed8.jpeg?odnHeight=580&amp;odnWidth=580&amp;odnBg=FFFFFF 2x" src="https://i5.walmartimages.com/asr/1ff5d5cc-b9bf-4cae-8ea8-3367a26df368.482da92ef626a637c17bff08bad2eed8.jpeg?odnHeight=580&amp;odnWidth=580&amp;odnBg=FFFFFF" id="is-0-productImage-34" width="" height="" class="absolute top-0 left-0" data-testid="productTileImage" alt="Great Value Classic Mix Potato Chips, 504 g (18 bags x 28 g)" style="height: 100%; left: 50%; top: 50%; transform: translate(-50%, -50%); object-fit: contain;"></div><div class="z-2 absolute bottom--1"><div class="relative dib" data-id="PRD5Z83K3NXSMM8"><button class="w_eEg0 w_OoNT w_4QgR pointer bn sans-serif b ph2 flex items-center justify-center w-auto shadow-1" type="button" data-pcss-hide="true" data-automation-id="add-to-cart" aria-label="Add to cart - Great Value Classic Mix Potato Chips, 504 g (18 bags x 28 g)"><i class="ld ld-Plus" title="add to cart" style="font-size: 1.5rem; vertical-align: -0.25em; width: 1.5rem; height: 1.5rem; box-sizing: content-box;"></i><span class="mr2">Add</span></button></div></div></div><div class="mt5 mb0" data-testid="variant-PRD5Z83K3NXSMM8" style="height: 24px;"></div></div><div class=""><div data-automation-id="product-price" class="flex flex-wrap justify-start items-center lh-title mb1"><div class="mr1 mr2-xl b black lh-copy f5 f4-l" aria-hidden="true">$7.97</div><span class="w_q67L">current price $7.97</span></div><div class="mb1 mt2 b f6 black mr1 lh-copy">Great Value</div><span class="w_vi_D" style="-webkit-line-clamp: 3; padding-bottom: 0em; margin-bottom: 0em;"><span data-automation-id="product-title" class="normal dark-gray mb0 mt1 lh-title f6 f5-l lh-copy">Great Value Classic Mix Potato Chips, 504 g (18 bags x 28 g)</span></span><div class="flex items-center mt2"><span class="black inline-flex mr1" data-testid="product-ratings" data-value="4.5455"><i class="ld ld-StarFill" aria-hidden="true" style="font-size: 12px; vertical-align: -0.175em; width: 12px; height: 12px; box-sizing: content-box;"></i><i class="ld ld-StarFill" aria-hidden="true" style="font-size: 12px; vertical-align: -0.175em; width: 12px; height: 12px; box-sizing: content-box;"></i><i class="ld ld-StarFill" aria-hidden="true" style="font-size: 12px; vertical-align: -0.175em; width: 12px; height: 12px; box-sizing: content-box;"></i><i class="ld ld-StarFill" aria-hidden="true" style="font-size: 12px; vertical-align: -0.175em; width: 12px; height: 12px; box-sizing: content-box;"></i><i class="ld ld-StarHalf" aria-hidden="true" style="font-size: 12px; vertical-align: -0.175em; width: 12px; height: 12px; box-sizing: content-box;"></i></span><span class="sans-serif gray f7" aria-hidden="true" data-testid="product-reviews" data-value="110">110</span><span class="w_q67L">4.5455 out of 5 stars. 110 reviews</span></div><div class="flex items-center mv2"><div class="f7 mr1 blue b lh-copy">Free Delivery with</div><img loading="lazy" class="flex" src="//i5.walmartimages.com/dfw/3ccc2d91-49dd/k2-_2dc6530f-2ead-40b6-8ec8-fedc1c0c8978.v1.png" alt="Walmart Plus" height="20" width="auto"></div><div class="mb2 mt2"><span class="w_q67L">Available for Pickup or Delivery tomorrow</span><span class="w_SrYk w_2ioM w_DNAl w_OAJ4 w_GNSW mr1 mt1 ph1" aria-hidden="true">Pickup</span><span class="w_SrYk w_2ioM w_DNAl w_OAJ4 w_GNSW mr1 mt1 ph1" aria-hidden="true">Delivery tomorrow</span></div></div></div></div></div></div></div><div class="mb0 ph0-xl pt0-xl bb b--near-white w-25 pb3-m ph1"><div class="h-100 pr4-xl pb1-xl pv1 ph1" io-id="6000196396788" style="contain-intrinsic-size: 198px 340px;"><div role="group" data-item-id="6000196396788" class="sans-serif mid-gray relative flex flex-column w-100 hide-child-opacity"><a link-identifier="6000196396789" class="w-100 h-100 z-1 hide-sibling-opacity  absolute" target="" href="/en/ip/Great-Value-Party-Mix/6000196396789?selectedSellerId=0&amp;from=/search"><span class="w_q67L">Great Value Party Mix, 280 g </span></a><div class="" data-testid="list-view"><div class=""><div class=""><div class="h2 relative nowrap mb2"><span class="w_SrYk w_2ioM w_O_Dq w_OAJ4 w_tbLY tag-leading-badge absolute">Best seller</span></div><div class="relative"><div class="relative overflow-hidden" style="max-width: 290px; height: 0px; padding-bottom: min(290px, 100%); align-self: center; width: min(290px, 100%);"><span><button type="button" class="bg-white pointer pa0 black bn mt1 mr1 pa1 br4 absolute top-0 right-0 z-2" data-automation-id="heart-item" aria-label="Add to Favourites list, Great Value Party Mix, 280 g" style="width: 32px; height: 32px;"><i class="ld ld-Heart  " aria-hidden="true" style="font-size: 1.5rem; vertical-align: -0.25em; padding-top: 1px; width: 1.5rem; height: 1.5rem; box-sizing: content-box;"></i></button></span><img loading="lazy" srcset="https://i5.walmartimages.com/asr/b2d94580-9757-4c5d-b22e-c0980f48f838.29b8a3269ed474f5f168c818a7d26085.jpeg?odnHeight=290&amp;odnWidth=290&amp;odnBg=FFFFFF 1x, https://i5.walmartimages.com/asr/b2d94580-9757-4c5d-b22e-c0980f48f838.29b8a3269ed474f5f168c818a7d26085.jpeg?odnHeight=580&amp;odnWidth=580&amp;odnBg=FFFFFF 2x" src="https://i5.walmartimages.com/asr/b2d94580-9757-4c5d-b22e-c0980f48f838.29b8a3269ed474f5f168c818a7d26085.jpeg?odnHeight=580&amp;odnWidth=580&amp;odnBg=FFFFFF" id="is-0-productImage-35" width="" height="" class="absolute top-0 left-0" data-testid="productTileImage" alt="Great Value Party Mix, 280 g" style="height: 100%; left: 50%; top: 50%; transform: translate(-50%, -50%); object-fit: contain;"></div><div class="z-2 absolute bottom--1"><div class="relative dib" data-id="6000196396788"><button class="w_eEg0 w_OoNT w_4QgR pointer bn sans-serif b ph2 flex items-center justify-center w-auto shadow-1" type="button" data-pcss-hide="true" data-automation-id="add-to-cart" aria-label="Add to cart - Great Value Party Mix, 280 g"><i class="ld ld-Plus" title="add to cart" style="font-size: 1.5rem; vertical-align: -0.25em; width: 1.5rem; height: 1.5rem; box-sizing: content-box;"></i><span class="mr2">Add</span></button></div></div></div><div class="mt5 mb0" data-testid="variant-6000196396788" style="height: 24px;"></div></div><div class=""><div data-automation-id="product-price" class="flex flex-wrap justify-start items-center lh-title mb1"><div class="mr1 mr2-xl b black lh-copy f5 f4-l" aria-hidden="true">$2.77</div><span class="w_q67L">current price $2.77</span><div class="gray mr1 f7 f6-l">99¢/100g</div></div><div class="mb1 mt2 b f6 black mr1 lh-copy">Great Value</div><span class="w_vi_D" style="-webkit-line-clamp: 3; padding-bottom: 0em; margin-bottom: 0em;"><span data-automation-id="product-title" class="normal dark-gray mb0 mt1 lh-title f6 f5-l lh-copy">Great Value Party Mix, 280 g</span></span><div class="flex items-center mt2"><span class="black inline-flex mr1" data-testid="product-ratings" data-value="4.3655"><i class="ld ld-StarFill" aria-hidden="true" style="font-size: 12px; vertical-align: -0.175em; width: 12px; height: 12px; box-sizing: content-box;"></i><i class="ld ld-StarFill" aria-hidden="true" style="font-size: 12px; vertical-align: -0.175em; width: 12px; height: 12px; box-sizing: content-box;"></i><i class="ld ld-StarFill" aria-hidden="true" style="font-size: 12px; vertical-align: -0.175em; width: 12px; height: 12px; box-sizing: content-box;"></i><i class="ld ld-StarFill" aria-hidden="true" style="font-size: 12px; vertical-align: -0.175em; width: 12px; height: 12px; box-sizing: content-box;"></i><i class="ld ld-StarHalf" aria-hidden="true" style="font-size: 12px; vertical-align: -0.175em; width: 12px; height: 12px; box-sizing: content-box;"></i></span><span class="sans-serif gray f7" aria-hidden="true" data-testid="product-reviews" data-value="145">145</span><span class="w_q67L">4.3655 out of 5 stars. 145 reviews</span></div><div class="flex items-center mv2"><div class="f7 mr1 blue b lh-copy">Free Delivery with</div><img loading="lazy" class="flex" src="//i5.walmartimages.com/dfw/3ccc2d91-49dd/k2-_2dc6530f-2ead-40b6-8ec8-fedc1c0c8978.v1.png" alt="Walmart Plus" height="20" width="auto"></div><div class="mb2 mt2"><span class="w_q67L">Available for Pickup or Delivery tomorrow</span><span class="w_SrYk w_2ioM w_DNAl w_OAJ4 w_GNSW mr1 mt1 ph1" aria-hidden="true">Pickup</span><span class="w_SrYk w_2ioM w_DNAl w_OAJ4 w_GNSW mr1 mt1 ph1" aria-hidden="true">Delivery tomorrow</span></div></div></div></div></div></div></div><div class="mb0 ph0-xl pt0-xl bb b--near-white w-25 pb3-m ph1"><div class="h-100 pr4-xl pb1-xl pv1 ph1" io-id="6000188742975" style="contain-intrinsic-size: 198px 340px;"><div role="group" data-item-id="6000188742975" class="sans-serif mid-gray relative flex flex-column w-100 hide-child-opacity"><a link-identifier="6000188742976" class="w-100 h-100 z-1 hide-sibling-opacity  absolute" target="" href="/en/ip/Old-Dutch-Popcorn-Twists-Puff-Corn-Snack/6000188742976?selectedSellerId=0&amp;from=/search"><span class="w_q67L">Old Dutch Popcorn Twists Puff Corn Snack, 175g </span></a><div class="" data-testid="list-view"><div class=""><div class=""><div class="h2 relative nowrap mb2"></div><div class="relative"><div class="relative overflow-hidden" style="max-width: 290px; height: 0px; padding-bottom: min(290px, 100%); align-self: center; width: min(290px, 100%);"><span><button type="button" class="bg-white pointer pa0 black bn mt1 mr1 pa1 br4 absolute top-0 right-0 z-2" data-automation-id="heart-item" aria-label="Add to Favourites list, Old Dutch Popcorn Twists Puff Corn Snack, 175g" style="width: 32px; height: 32px;"><i class="ld ld-Heart  " aria-hidden="true" style="font-size: 1.5rem; vertical-align: -0.25em; padding-top: 1px; width: 1.5rem; height: 1.5rem; box-sizing: content-box;"></i></button></span><img loading="lazy" srcset="https://i5.walmartimages.com/asr/266ce26f-2a21-4287-afa4-d8fdbd943ce0.7fc155fc9bebc0c68aa848b2fa1f36ab.jpeg?odnHeight=290&amp;odnWidth=290&amp;odnBg=FFFFFF 1x, https://i5.walmartimages.com/asr/266ce26f-2a21-4287-afa4-d8fdbd943ce0.7fc155fc9bebc0c68aa848b2fa1f36ab.jpeg?odnHeight=580&amp;odnWidth=580&amp;odnBg=FFFFFF 2x" src="https://i5.walmartimages.com/asr/266ce26f-2a21-4287-afa4-d8fdbd943ce0.7fc155fc9bebc0c68aa848b2fa1f36ab.jpeg?odnHeight=580&amp;odnWidth=580&amp;odnBg=FFFFFF" id="is-0-productImage-36" width="" height="" class="absolute top-0 left-0" data-testid="productTileImage" alt="Old Dutch Popcorn Twists Puff Corn Snack, 175g" style="height: 100%; left: 50%; top: 50%; transform: translate(-50%, -50%); object-fit: contain;"></div><div class="z-2 absolute bottom--1"><div class="relative dib" data-id="6000188742975"><button class="w_eEg0 w_OoNT w_4QgR pointer bn sans-serif b ph2 flex items-center justify-center w-auto shadow-1" type="button" data-pcss-hide="true" data-automation-id="add-to-cart" aria-label="Add to cart - Old Dutch Popcorn Twists Puff Corn Snack, 175g"><i class="ld ld-Plus" title="add to cart" style="font-size: 1.5rem; vertical-align: -0.25em; width: 1.5rem; height: 1.5rem; box-sizing: content-box;"></i><span class="mr2">Add</span></button></div></div></div><div class="mt5 mb0" data-testid="variant-6000188742975" style="height: 24px;"></div></div><div class=""><div data-automation-id="product-price" class="flex flex-wrap justify-start items-center lh-title mb1"><div class="mr1 mr2-xl b black lh-copy f5 f4-l" aria-hidden="true">$3.97</div><span class="w_q67L">current price $3.97</span><div class="gray mr1 f7 f6-l">$2.27/100g</div></div><div class="mb1 mt2 b f6 black mr1 lh-copy">Old Dutch</div><span class="w_vi_D" style="-webkit-line-clamp: 3; padding-bottom: 0em; margin-bottom: 0em;"><span data-automation-id="product-title" class="normal dark-gray mb0 mt1 lh-title f6 f5-l lh-copy">Old Dutch Popcorn Twists Puff Corn Snack, 175g</span></span><div class="flex items-center mt2"><span class="black inline-flex mr1" data-testid="product-ratings" data-value="4.6292"><i class="ld ld-StarFill" aria-hidden="true" style="font-size: 12px; vertical-align: -0.175em; width: 12px; height: 12px; box-sizing: content-box;"></i><i class="ld ld-StarFill" aria-hidden="true" style="font-size: 12px; vertical-align: -0.175em; width: 12px; height: 12px; box-sizing: content-box;"></i><i class="ld ld-StarFill" aria-hidden="true" style="font-size: 12px; vertical-align: -0.175em; width: 12px; height: 12px; box-sizing: content-box;"></i><i class="ld ld-StarFill" aria-hidden="true" style="font-size: 12px; vertical-align: -0.175em; width: 12px; height: 12px; box-sizing: content-box;"></i><i class="ld ld-StarHalf" aria-hidden="true" style="font-size: 12px; vertical-align: -0.175em; width: 12px; height: 12px; box-sizing: content-box;"></i></span><span class="sans-serif gray f7" aria-hidden="true" data-testid="product-reviews" data-value="89">89</span><span class="w_q67L">4.6292 out of 5 stars. 89 reviews</span></div><div class="flex items-center mv2"><div class="f7 mr1 blue b lh-copy">Free Delivery with</div><img loading="lazy" class="flex" src="//i5.walmartimages.com/dfw/3ccc2d91-49dd/k2-_2dc6530f-2ead-40b6-8ec8-fedc1c0c8978.v1.png" alt="Walmart Plus" height="20" width="auto"></div><div class="mb2 mt2"><span class="w_q67L">Available for Pickup or Delivery tomorrow</span><span class="w_SrYk w_2ioM w_DNAl w_OAJ4 w_GNSW mr1 mt1 ph1" aria-hidden="true">Pickup</span><span class="w_SrYk w_2ioM w_DNAl w_OAJ4 w_GNSW mr1 mt1 ph1" aria-hidden="true">Delivery tomorrow</span></div></div></div></div></div></div></div><div class="mb0 ph0-xl pt0-xl bb b--near-white w-25 pb3-m ph1"><div class="h-100 pr4-xl pb1-xl pv1 ph1" io-id="6000201209058" style="contain-intrinsic-size: 198px 340px;"><div role="group" data-item-id="6000201209058" class="sans-serif mid-gray relative flex flex-column w-100 hide-child-opacity"><a link-identifier="6000201209059" class="w-100 h-100 z-1 hide-sibling-opacity  absolute" target="" href="/en/ip/Lay-s-Ketchup-flavoured-potato-chips/6000201209059?selectedSellerId=0&amp;from=/search"><span class="w_q67L">Lay’s Ketchup flavoured potato chips, 235g </span></a><div class="" data-testid="list-view"><div class=""><div class="relative"><div class="h3 relative nowrap mb2 overflow-hidden"><span class="w_SrYk w_TBvN w_O_Dq tag-leading-badge" style="color: rgb(155, 20, 25); box-shadow: rgb(155, 20, 25) 0px 0px 0px 1px inset;">3 for $10</span><button class="w_eEg0 w_KJ_i w_w8Y1 relative top-0 pl1 pr0 z-2" type="button" aria-label="3 for $10. View eligible mix and match items." name="View all">View all</button></div><div class="relative"><div class="relative overflow-hidden" style="max-width: 290px; height: 0px; padding-bottom: min(290px, 100%); align-self: center; width: min(290px, 100%);"><span><button type="button" class="bg-white pointer pa0 black bn mt1 mr1 pa1 br4 absolute top-0 right-0 z-2" data-automation-id="heart-item" aria-label="Add to Favourites list, Lay’s Ketchup flavoured potato chips, 235g" style="width: 32px; height: 32px;"><i class="ld ld-Heart  " aria-hidden="true" style="font-size: 1.5rem; vertical-align: -0.25em; padding-top: 1px; width: 1.5rem; height: 1.5rem; box-sizing: content-box;"></i></button></span><img loading="lazy" srcset="https://i5.walmartimages.com/asr/690d0615-a357-4b6c-bcab-e6f8ddb79c7e.ecd91539d2d0007fad0d1c686091cb11.jpeg?odnHeight=290&amp;odnWidth=290&amp;odnBg=FFFFFF 1x, https://i5.walmartimages.com/asr/690d0615-a357-4b6c-bcab-e6f8ddb79c7e.ecd91539d2d0007fad0d1c686091cb11.jpeg?odnHeight=580&amp;odnWidth=580&amp;odnBg=FFFFFF 2x" src="https://i5.walmartimages.com/asr/690d0615-a357-4b6c-bcab-e6f8ddb79c7e.ecd91539d2d0007fad0d1c686091cb11.jpeg?odnHeight=580&amp;odnWidth=580&amp;odnBg=FFFFFF" id="is-0-productImage-37" width="" height="" class="absolute top-0 left-0" data-testid="productTileImage" alt="Lay’s Ketchup flavoured potato chips, 235g" style="height: 100%; left: 50%; top: 50%; transform: translate(-50%, -50%); object-fit: contain;"></div><div class="z-2 absolute bottom--1"><div class="relative dib" data-id="6000201209058"><button class="w_eEg0 w_OoNT w_4QgR pointer bn sans-serif b ph2 flex items-center justify-center w-auto shadow-1" type="button" data-pcss-hide="true" data-automation-id="add-to-cart" aria-label="Add to cart - Lay’s Ketchup flavoured potato chips, 235g"><i class="ld ld-Plus" title="add to cart" style="font-size: 1.5rem; vertical-align: -0.25em; width: 1.5rem; height: 1.5rem; box-sizing: content-box;"></i><span class="mr2">Add</span></button></div></div></div><div class="mt5 mb0" data-testid="variant-6000201209058" style="height: 24px;"></div></div><div class=""><div data-automation-id="product-price" class="flex flex-wrap justify-start items-center lh-title mb1"><div class="mr1 mr2-xl b black lh-copy f5 f4-l" aria-hidden="true">$3.67</div><span class="w_q67L">current price $3.67</span><div class="gray mr1 f7 f6-l">$1.56/100g</div></div><div class="mb1 mt2 b f6 black mr1 lh-copy">Lay's</div><span class="w_vi_D" style="-webkit-line-clamp: 3; padding-bottom: 0em; margin-bottom: 0em;"><span data-automation-id="product-title" class="normal dark-gray mb0 mt1 lh-title f6 f5-l lh-copy">Lay’s Ketchup flavoured potato chips, 235g</span></span><div class="flex items-center mt2"><span class="black inline-flex mr1" data-testid="product-ratings" data-value="4.655"><i class="ld ld-StarFill" aria-hidden="true" style="font-size: 12px; vertical-align: -0.175em; width: 12px; height: 12px; box-sizing: content-box;"></i><i class="ld ld-StarFill" aria-hidden="true" style="font-size: 12px; vertical-align: -0.175em; width: 12px; height: 12px; box-sizing: content-box;"></i><i class="ld ld-StarFill" aria-hidden="true" style="font-size: 12px; vertical-align: -0.175em; width: 12px; height: 12px; box-sizing: content-box;"></i><i class="ld ld-StarFill" aria-hidden="true" style="font-size: 12px; vertical-align: -0.175em; width: 12px; height: 12px; box-sizing: content-box;"></i><i class="ld ld-StarHalf" aria-hidden="true" style="font-size: 12px; vertical-align: -0.175em; width: 12px; height: 12px; box-sizing: content-box;"></i></span><span class="sans-serif gray f7" aria-hidden="true" data-testid="product-reviews" data-value="313">313</span><span class="w_q67L">4.655 out of 5 stars. 313 reviews</span></div><div class="flex items-center mv2"><div class="f7 mr1 blue b lh-copy">Free Delivery with</div><img loading="lazy" class="flex" src="//i5.walmartimages.com/dfw/3ccc2d91-49dd/k2-_2dc6530f-2ead-40b6-8ec8-fedc1c0c8978.v1.png" alt="Walmart Plus" height="20" width="auto"></div><div class="mb2 mt2"><span class="w_q67L">Available for Pickup or Delivery tomorrow</span><span class="w_SrYk w_2ioM w_DNAl w_OAJ4 w_GNSW mr1 mt1 ph1" aria-hidden="true">Pickup</span><span class="w_SrYk w_2ioM w_DNAl w_OAJ4 w_GNSW mr1 mt1 ph1" aria-hidden="true">Delivery tomorrow</span></div></div></div></div></div></div></div><div class="mb0 ph0-xl pt0-xl bb b--near-white w-25 pb3-m ph1"><div class="h-100 pr4-xl pb1-xl pv1 ph1" io-id="6000202808457" style="contain-intrinsic-size: 198px 340px;"><div role="group" data-item-id="6000202808457" class="sans-serif mid-gray relative flex flex-column w-100 hide-child-opacity"><a link-identifier="6000202808458" class="w-100 h-100 z-1 hide-sibling-opacity  absolute" target="" href="/en/ip/Doritos-Cool-Ranch-flavoured-tortilla-chips/6000202808458?selectedSellerId=0&amp;from=/search"><span class="w_q67L">Doritos Cool Ranch flavoured tortilla chips, 235g </span></a><div class="" data-testid="list-view"><div class=""><div class=""><div class="h2 relative nowrap mb2"><span class="w_SrYk w_2ioM w_O_Dq w_OAJ4 tag-leading-badge absolute">Save now</span></div><div class="relative"><div class="relative overflow-hidden" style="max-width: 290px; height: 0px; padding-bottom: min(290px, 100%); align-self: center; width: min(290px, 100%);"><span><button type="button" class="bg-white pointer pa0 black bn mt1 mr1 pa1 br4 absolute top-0 right-0 z-2" data-automation-id="heart-item" aria-label="Add to Favourites list, Doritos Cool Ranch flavoured tortilla chips, 235g" style="width: 32px; height: 32px;"><i class="ld ld-Heart  " aria-hidden="true" style="font-size: 1.5rem; vertical-align: -0.25em; padding-top: 1px; width: 1.5rem; height: 1.5rem; box-sizing: content-box;"></i></button></span><img loading="lazy" srcset="https://i5.walmartimages.com/asr/97b9ef0b-f939-47d6-9fea-8c6a4c9c52da.1e53297952251a459e0f668b96a5fd98.jpeg?odnHeight=290&amp;odnWidth=290&amp;odnBg=FFFFFF 1x, https://i5.walmartimages.com/asr/97b9ef0b-f939-47d6-9fea-8c6a4c9c52da.1e53297952251a459e0f668b96a5fd98.jpeg?odnHeight=580&amp;odnWidth=580&amp;odnBg=FFFFFF 2x" src="https://i5.walmartimages.com/asr/97b9ef0b-f939-47d6-9fea-8c6a4c9c52da.1e53297952251a459e0f668b96a5fd98.jpeg?odnHeight=580&amp;odnWidth=580&amp;odnBg=FFFFFF" id="is-0-productImage-38" width="" height="" class="absolute top-0 left-0" data-testid="productTileImage" alt="Doritos Cool Ranch flavoured tortilla chips, 235g" style="height: 100%; left: 50%; top: 50%; transform: translate(-50%, -50%); object-fit: contain;"></div><div class="z-2 absolute bottom--1"><div class="relative dib" data-id="6000202808457"><button class="w_eEg0 w_OoNT w_4QgR pointer bn sans-serif b ph2 flex items-center justify-center w-auto shadow-1" type="button" data-pcss-hide="true" data-automation-id="add-to-cart" aria-label="Add to cart - Doritos Cool Ranch flavoured tortilla chips, 235g"><i class="ld ld-Plus" title="add to cart" style="font-size: 1.5rem; vertical-align: -0.25em; width: 1.5rem; height: 1.5rem; box-sizing: content-box;"></i><span class="mr2">Add</span></button></div></div></div><div class="mt5 mb0" data-testid="variant-6000202808457" style="height: 24px;"></div></div><div class=""><div data-automation-id="product-price" class="flex flex-wrap justify-start items-center lh-title mb1"><div class="mr1 mr2-xl b black green lh-copy f5 f4-l" aria-hidden="true">Now $2.97</div><span class="w_q67L">current price Now $2.97</span><div class="gray mr1 strike f7 f6-l" aria-hidden="true">$4.27</div><span class="w_q67L">Was $4.27</span><div class="gray mr1 f7 f6-l">$1.26/100g</div></div><span class="w_q67L">You save $1.30</span><div class="flex items-center" aria-hidden="true" role="presentation" data-testid="dollar-saving"><span class="b"><span class="ph1 br1 f7 f6-m lh-copy-m mr1 bg-washed-green green" style="padding-top: 2px; padding-bottom: 2px;">You save</span><span class="lh-copy f7 f5-m green">$1.30</span></span></div><div class="mb1 mt2 b f6 black mr1 lh-copy">Doritos</div><span class="w_vi_D" style="-webkit-line-clamp: 3; padding-bottom: 0em; margin-bottom: 0em;"><span data-automation-id="product-title" class="normal dark-gray mb0 mt1 lh-title f6 f5-l lh-copy">Doritos Cool Ranch flavoured tortilla chips, 235g</span></span><div class="flex items-center mt2"><span class="black inline-flex mr1" data-testid="product-ratings" data-value="4.5964"><i class="ld ld-StarFill" aria-hidden="true" style="font-size: 12px; vertical-align: -0.175em; width: 12px; height: 12px; box-sizing: content-box;"></i><i class="ld ld-StarFill" aria-hidden="true" style="font-size: 12px; vertical-align: -0.175em; width: 12px; height: 12px; box-sizing: content-box;"></i><i class="ld ld-StarFill" aria-hidden="true" style="font-size: 12px; vertical-align: -0.175em; width: 12px; height: 12px; box-sizing: content-box;"></i><i class="ld ld-StarFill" aria-hidden="true" style="font-size: 12px; vertical-align: -0.175em; width: 12px; height: 12px; box-sizing: content-box;"></i><i class="ld ld-StarHalf" aria-hidden="true" style="font-size: 12px; vertical-align: -0.175em; width: 12px; height: 12px; box-sizing: content-box;"></i></span><span class="sans-serif gray f7" aria-hidden="true" data-testid="product-reviews" data-value="280">280</span><span class="w_q67L">4.5964 out of 5 stars. 280 reviews</span></div><div class="flex items-center mv2"><div class="f7 mr1 blue b lh-copy">Free Delivery with</div><img loading="lazy" class="flex" src="//i5.walmartimages.com/dfw/3ccc2d91-49dd/k2-_2dc6530f-2ead-40b6-8ec8-fedc1c0c8978.v1.png" alt="Walmart Plus" height="20" width="auto"></div><div class="mb2 mt2"><span class="w_q67L">Available for Pickup or Delivery tomorrow</span><span class="w_SrYk w_2ioM w_DNAl w_OAJ4 w_GNSW mr1 mt1 ph1" aria-hidden="true">Pickup</span><span class="w_SrYk w_2ioM w_DNAl w_OAJ4 w_GNSW mr1 mt1 ph1" aria-hidden="true">Delivery tomorrow</span></div></div></div></div></div></div></div><div class="mb0 ph0-xl pt0-xl bb b--near-white w-25 pb3-m ph1"><div class="h-100 pr4-xl pb1-xl pv1 ph1" io-id="6000201209077" style="contain-intrinsic-size: 198px 340px;"><div role="group" data-item-id="6000201209077" class="sans-serif mid-gray relative flex flex-column w-100 hide-child-opacity"><a link-identifier="6000201209078" class="w-100 h-100 z-1 hide-sibling-opacity  absolute" target="" href="/en/ip/Lay-s-Bar-B-Q-flavoured-potato-chips/6000201209078?selectedSellerId=0&amp;from=/search"><span class="w_q67L">Lay's Bar-B-Q flavoured potato chips, 235g </span></a><div class="" data-testid="list-view"><div class=""><div class="relative"><div class="h3 relative nowrap mb2 overflow-hidden"><span class="w_SrYk w_TBvN w_O_Dq tag-leading-badge" style="color: rgb(155, 20, 25); box-shadow: rgb(155, 20, 25) 0px 0px 0px 1px inset;">3 for $10</span><button class="w_eEg0 w_KJ_i w_w8Y1 relative top-0 pl1 pr0 z-2" type="button" aria-label="3 for $10. View eligible mix and match items." name="View all">View all</button></div><div class="relative"><div class="relative overflow-hidden" style="max-width: 290px; height: 0px; padding-bottom: min(290px, 100%); align-self: center; width: min(290px, 100%);"><span><button type="button" class="bg-white pointer pa0 black bn mt1 mr1 pa1 br4 absolute top-0 right-0 z-2" data-automation-id="heart-item" aria-label="Add to Favourites list, Lay's Bar-B-Q flavoured potato chips, 235g" style="width: 32px; height: 32px;"><i class="ld ld-Heart  " aria-hidden="true" style="font-size: 1.5rem; vertical-align: -0.25em; padding-top: 1px; width: 1.5rem; height: 1.5rem; box-sizing: content-box;"></i></button></span><img loading="lazy" srcset="https://i5.walmartimages.com/asr/4a45c176-96e4-47a2-9b65-49c1568562ae.51cdc50e0d009da4734e603ee1a37a62.jpeg?odnHeight=290&amp;odnWidth=290&amp;odnBg=FFFFFF 1x, https://i5.walmartimages.com/asr/4a45c176-96e4-47a2-9b65-49c1568562ae.51cdc50e0d009da4734e603ee1a37a62.jpeg?odnHeight=580&amp;odnWidth=580&amp;odnBg=FFFFFF 2x" src="https://i5.walmartimages.com/asr/4a45c176-96e4-47a2-9b65-49c1568562ae.51cdc50e0d009da4734e603ee1a37a62.jpeg?odnHeight=580&amp;odnWidth=580&amp;odnBg=FFFFFF" id="is-0-productImage-39" width="" height="" class="absolute top-0 left-0" data-testid="productTileImage" alt="Lay's Bar-B-Q flavoured potato chips, 235g" style="height: 100%; left: 50%; top: 50%; transform: translate(-50%, -50%); object-fit: contain;"></div><div class="z-2 absolute bottom--1"><div class="relative dib" data-id="6000201209077"><button class="w_eEg0 w_OoNT w_4QgR pointer bn sans-serif b ph2 flex items-center justify-center w-auto shadow-1" type="button" data-pcss-hide="true" data-automation-id="add-to-cart" aria-label="Add to cart - Lay's Bar-B-Q flavoured potato chips, 235g"><i class="ld ld-Plus" title="add to cart" style="font-size: 1.5rem; vertical-align: -0.25em; width: 1.5rem; height: 1.5rem; box-sizing: content-box;"></i><span class="mr2">Add</span></button></div></div></div><div class="mt5 mb0" data-testid="variant-6000201209077" style="height: 24px;"></div></div><div class=""><div data-automation-id="product-price" class="flex flex-wrap justify-start items-center lh-title mb1"><div class="mr1 mr2-xl b black lh-copy f5 f4-l" aria-hidden="true">$3.67</div><span class="w_q67L">current price $3.67</span><div class="gray mr1 f7 f6-l">$1.56/100g</div></div><div class="mb1 mt2 b f6 black mr1 lh-copy">Lay's</div><span class="w_vi_D" style="-webkit-line-clamp: 3; padding-bottom: 0em; margin-bottom: 0em;"><span data-automation-id="product-title" class="normal dark-gray mb0 mt1 lh-title f6 f5-l lh-copy">Lay's Bar-B-Q flavoured potato chips, 235g</span></span><div class="flex items-center mt2"><span class="black inline-flex mr1" data-testid="product-ratings" data-value="4.5647"><i class="ld ld-StarFill" aria-hidden="true" style="font-size: 12px; vertical-align: -0.175em; width: 12px; height: 12px; box-sizing: content-box;"></i><i class="ld ld-StarFill" aria-hidden="true" style="font-size: 12px; vertical-align: -0.175em; width: 12px; height: 12px; box-sizing: content-box;"></i><i class="ld ld-StarFill" aria-hidden="true" style="font-size: 12px; vertical-align: -0.175em; width: 12px; height: 12px; box-sizing: content-box;"></i><i class="ld ld-StarFill" aria-hidden="true" style="font-size: 12px; vertical-align: -0.175em; width: 12px; height: 12px; box-sizing: content-box;"></i><i class="ld ld-StarHalf" aria-hidden="true" style="font-size: 12px; vertical-align: -0.175em; width: 12px; height: 12px; box-sizing: content-box;"></i></span><span class="sans-serif gray f7" aria-hidden="true" data-testid="product-reviews" data-value="255">255</span><span class="w_q67L">4.5647 out of 5 stars. 255 reviews</span></div><div class="flex items-center mv2"><div class="f7 mr1 blue b lh-copy">Free Delivery with</div><img loading="lazy" class="flex" src="//i5.walmartimages.com/dfw/3ccc2d91-49dd/k2-_2dc6530f-2ead-40b6-8ec8-fedc1c0c8978.v1.png" alt="Walmart Plus" height="20" width="auto"></div><div class="mb2 mt2"><span class="w_q67L">Available for Pickup or Delivery tomorrow</span><span class="w_SrYk w_2ioM w_DNAl w_OAJ4 w_GNSW mr1 mt1 ph1" aria-hidden="true">Pickup</span><span class="w_SrYk w_2ioM w_DNAl w_OAJ4 w_GNSW mr1 mt1 ph1" aria-hidden="true">Delivery tomorrow</span></div></div></div></div></div></div></div><div class="mb0 ph0-xl pt0-xl bb b--near-white w-25 pb3-m ph1"><div class="h-100 pr4-xl pb1-xl pv1 ph1" io-id="6000202799683" style="contain-intrinsic-size: 198px 340px;"><div role="group" data-item-id="6000202799683" class="sans-serif mid-gray relative flex flex-column w-100 hide-child-opacity"><a link-identifier="6000202799684" class="w-100 h-100 z-1 hide-sibling-opacity  absolute" target="" href="/en/ip/Doritos-Sweet-Chili-Heat-flavoured-tortilla-chips/6000202799684?selectedSellerId=0&amp;from=/search"><span class="w_q67L">Doritos Sweet Chili Heat! flavoured tortilla chips, 235g </span></a><div class="" data-testid="list-view"><div class=""><div class=""><div class="h2 relative nowrap mb2"><span class="w_SrYk w_2ioM w_O_Dq w_OAJ4 tag-leading-badge absolute">Save now</span></div><div class="relative"><div class="relative overflow-hidden" style="max-width: 290px; height: 0px; padding-bottom: min(290px, 100%); align-self: center; width: min(290px, 100%);"><span><button type="button" class="bg-white pointer pa0 black bn mt1 mr1 pa1 br4 absolute top-0 right-0 z-2" data-automation-id="heart-item" aria-label="Add to Favourites list, Doritos Sweet Chili Heat! flavoured tortilla chips, 235g" style="width: 32px; height: 32px;"><i class="ld ld-Heart  " aria-hidden="true" style="font-size: 1.5rem; vertical-align: -0.25em; padding-top: 1px; width: 1.5rem; height: 1.5rem; box-sizing: content-box;"></i></button></span><img loading="lazy" srcset="https://i5.walmartimages.com/asr/045e1200-7981-498e-9440-3faeaeef0ef2.d8433ec625f692261db08edf13f6071a.jpeg?odnHeight=290&amp;odnWidth=290&amp;odnBg=FFFFFF 1x, https://i5.walmartimages.com/asr/045e1200-7981-498e-9440-3faeaeef0ef2.d8433ec625f692261db08edf13f6071a.jpeg?odnHeight=580&amp;odnWidth=580&amp;odnBg=FFFFFF 2x" src="https://i5.walmartimages.com/asr/045e1200-7981-498e-9440-3faeaeef0ef2.d8433ec625f692261db08edf13f6071a.jpeg?odnHeight=580&amp;odnWidth=580&amp;odnBg=FFFFFF" id="is-0-productImage-40" width="" height="" class="absolute top-0 left-0" data-testid="productTileImage" alt="Doritos Sweet Chili Heat! flavoured tortilla chips, 235g" style="height: 100%; left: 50%; top: 50%; transform: translate(-50%, -50%); object-fit: contain;"></div><div class="z-2 absolute bottom--1"><div class="relative dib" data-id="6000202799683"><button class="w_eEg0 w_OoNT w_4QgR pointer bn sans-serif b ph2 flex items-center justify-center w-auto shadow-1" type="button" data-pcss-hide="true" data-automation-id="add-to-cart" aria-label="Add to cart - Doritos Sweet Chili Heat! flavoured tortilla chips, 235g"><i class="ld ld-Plus" title="add to cart" style="font-size: 1.5rem; vertical-align: -0.25em; width: 1.5rem; height: 1.5rem; box-sizing: content-box;"></i><span class="mr2">Add</span></button></div></div></div><div class="mt5 mb0" data-testid="variant-6000202799683" style="height: 24px;"></div></div><div class=""><div data-automation-id="product-price" class="flex flex-wrap justify-start items-center lh-title mb1"><div class="mr1 mr2-xl b black green lh-copy f5 f4-l" aria-hidden="true">Now $2.97</div><span class="w_q67L">current price Now $2.97</span><div class="gray mr1 strike f7 f6-l" aria-hidden="true">$4.27</div><span class="w_q67L">Was $4.27</span><div class="gray mr1 f7 f6-l">$1.26/100g</div></div><span class="w_q67L">You save $1.30</span><div class="flex items-center" aria-hidden="true" role="presentation" data-testid="dollar-saving"><span class="b"><span class="ph1 br1 f7 f6-m lh-copy-m mr1 bg-washed-green green" style="padding-top: 2px; padding-bottom: 2px;">You save</span><span class="lh-copy f7 f5-m green">$1.30</span></span></div><div class="mb1 mt2 b f6 black mr1 lh-copy">Doritos</div><span class="w_vi_D" style="-webkit-line-clamp: 3; padding-bottom: 0em; margin-bottom: 0em;"><span data-automation-id="product-title" class="normal dark-gray mb0 mt1 lh-title f6 f5-l lh-copy">Doritos Sweet Chili Heat! flavoured tortilla chips, 235g</span></span><div class="flex items-center mt2"><span class="black inline-flex mr1" data-testid="product-ratings" data-value="4.6296"><i class="ld ld-StarFill" aria-hidden="true" style="font-size: 12px; vertical-align: -0.175em; width: 12px; height: 12px; box-sizing: content-box;"></i><i class="ld ld-StarFill" aria-hidden="true" style="font-size: 12px; vertical-align: -0.175em; width: 12px; height: 12px; box-sizing: content-box;"></i><i class="ld ld-StarFill" aria-hidden="true" style="font-size: 12px; vertical-align: -0.175em; width: 12px; height: 12px; box-sizing: content-box;"></i><i class="ld ld-StarFill" aria-hidden="true" style="font-size: 12px; vertical-align: -0.175em; width: 12px; height: 12px; box-sizing: content-box;"></i><i class="ld ld-StarHalf" aria-hidden="true" style="font-size: 12px; vertical-align: -0.175em; width: 12px; height: 12px; box-sizing: content-box;"></i></span><span class="sans-serif gray f7" aria-hidden="true" data-testid="product-reviews" data-value="297">297</span><span class="w_q67L">4.6296 out of 5 stars. 297 reviews</span></div><div class="flex items-center mv2"><div class="f7 mr1 blue b lh-copy">Free Delivery with</div><img loading="lazy" class="flex" src="//i5.walmartimages.com/dfw/3ccc2d91-49dd/k2-_2dc6530f-2ead-40b6-8ec8-fedc1c0c8978.v1.png" alt="Walmart Plus" height="20" width="auto"></div><div class="mb2 mt2"><span class="w_q67L">Available for Pickup or Delivery tomorrow</span><span class="w_SrYk w_2ioM w_DNAl w_OAJ4 w_GNSW mr1 mt1 ph1" aria-hidden="true">Pickup</span><span class="w_SrYk w_2ioM w_DNAl w_OAJ4 w_GNSW mr1 mt1 ph1" aria-hidden="true">Delivery tomorrow</span></div></div></div></div></div></div></div><div class="mb0 ph0-xl pt0-xl bb b--near-white w-25 pb3-m ph1"><div class="h-100 pr4-xl pb1-xl pv1 ph1" io-id="6000203172030" style="contain-intrinsic-size: 198px 340px;"><div role="group" data-item-id="6000203172030" class="sans-serif mid-gray relative flex flex-column w-100 hide-child-opacity"><a link-identifier="6000203172031" class="w-100 h-100 z-1 hide-sibling-opacity  absolute" target="" href="/en/ip/Old-Dutch-Restaurante-Deli-Rounds/6000203172031?selectedSellerId=0&amp;from=/search"><span class="w_q67L">Old Dutch Restaurante Deli Rounds, 290 G </span></a><div class="" data-testid="list-view"><div class=""><div class="relative"><div class="h3 relative nowrap mb2 overflow-hidden"><span class="w_SrYk w_TBvN w_O_Dq tag-leading-badge" style="color: rgb(155, 20, 25); box-shadow: rgb(155, 20, 25) 0px 0px 0px 1px inset;">2 for $6</span><button class="w_eEg0 w_KJ_i w_w8Y1 relative top-0 pl1 pr0 z-2" type="button" aria-label="2 for $6. View eligible mix and match items." name="View all">View all</button></div><div class="relative"><div class="relative overflow-hidden" style="max-width: 290px; height: 0px; padding-bottom: min(290px, 100%); align-self: center; width: min(290px, 100%);"><span><button type="button" class="bg-white pointer pa0 black bn mt1 mr1 pa1 br4 absolute top-0 right-0 z-2" data-automation-id="heart-item" aria-label="Add to Favourites list, Old Dutch Restaurante Deli Rounds, 290 G" style="width: 32px; height: 32px;"><i class="ld ld-Heart  " aria-hidden="true" style="font-size: 1.5rem; vertical-align: -0.25em; padding-top: 1px; width: 1.5rem; height: 1.5rem; box-sizing: content-box;"></i></button></span><img loading="lazy" srcset="https://i5.walmartimages.com/asr/2618c8bd-6f61-494c-9032-d2b65bc26dc9.ea4cf5d22055ef70cbd16078a7b5d357.jpeg?odnHeight=290&amp;odnWidth=290&amp;odnBg=FFFFFF 1x, https://i5.walmartimages.com/asr/2618c8bd-6f61-494c-9032-d2b65bc26dc9.ea4cf5d22055ef70cbd16078a7b5d357.jpeg?odnHeight=580&amp;odnWidth=580&amp;odnBg=FFFFFF 2x" src="https://i5.walmartimages.com/asr/2618c8bd-6f61-494c-9032-d2b65bc26dc9.ea4cf5d22055ef70cbd16078a7b5d357.jpeg?odnHeight=580&amp;odnWidth=580&amp;odnBg=FFFFFF" id="is-0-productImage-41" width="" height="" class="absolute top-0 left-0" data-testid="productTileImage" alt="Old Dutch Restaurante Deli Rounds, 290 G" style="height: 100%; left: 50%; top: 50%; transform: translate(-50%, -50%); object-fit: contain;"></div><div class="z-2 absolute bottom--1"><div class="relative dib" data-id="6000203172030"><button class="w_eEg0 w_OoNT w_4QgR pointer bn sans-serif b ph2 flex items-center justify-center w-auto shadow-1" type="button" data-pcss-hide="true" data-automation-id="add-to-cart" aria-label="Add to cart - Old Dutch Restaurante Deli Rounds, 290 G"><i class="ld ld-Plus" title="add to cart" style="font-size: 1.5rem; vertical-align: -0.25em; width: 1.5rem; height: 1.5rem; box-sizing: content-box;"></i><span class="mr2">Add</span></button></div></div></div><div class="mt5 mb0" data-testid="variant-6000203172030" style="height: 24px;"></div></div><div class=""><div data-automation-id="product-price" class="flex flex-wrap justify-start items-center lh-title mb1"><div class="mr1 mr2-xl b black lh-copy f5 f4-l" aria-hidden="true">$3.97</div><span class="w_q67L">current price $3.97</span><div class="gray mr1 f7 f6-l">$1.37/100g</div></div><div class="mb1 mt2 b f6 black mr1 lh-copy">Old Dutch</div><span class="w_vi_D" style="-webkit-line-clamp: 3; padding-bottom: 0em; margin-bottom: 0em;"><span data-automation-id="product-title" class="normal dark-gray mb0 mt1 lh-title f6 f5-l lh-copy">Old Dutch Restaurante Deli Rounds, 290 G</span></span><div class="flex items-center mt2"><span class="black inline-flex mr1" data-testid="product-ratings" data-value="4.625"><i class="ld ld-StarFill" aria-hidden="true" style="font-size: 12px; vertical-align: -0.175em; width: 12px; height: 12px; box-sizing: content-box;"></i><i class="ld ld-StarFill" aria-hidden="true" style="font-size: 12px; vertical-align: -0.175em; width: 12px; height: 12px; box-sizing: content-box;"></i><i class="ld ld-StarFill" aria-hidden="true" style="font-size: 12px; vertical-align: -0.175em; width: 12px; height: 12px; box-sizing: content-box;"></i><i class="ld ld-StarFill" aria-hidden="true" style="font-size: 12px; vertical-align: -0.175em; width: 12px; height: 12px; box-sizing: content-box;"></i><i class="ld ld-StarHalf" aria-hidden="true" style="font-size: 12px; vertical-align: -0.175em; width: 12px; height: 12px; box-sizing: content-box;"></i></span><span class="sans-serif gray f7" aria-hidden="true" data-testid="product-reviews" data-value="32">32</span><span class="w_q67L">4.625 out of 5 stars. 32 reviews</span></div><div class="flex items-center mv2"><div class="f7 mr1 blue b lh-copy">Free Delivery with</div><img loading="lazy" class="flex" src="//i5.walmartimages.com/dfw/3ccc2d91-49dd/k2-_2dc6530f-2ead-40b6-8ec8-fedc1c0c8978.v1.png" alt="Walmart Plus" height="20" width="auto"></div><div class="mb2 mt2"><span class="w_q67L">Available for Pickup or Delivery tomorrow</span><span class="w_SrYk w_2ioM w_DNAl w_OAJ4 w_GNSW mr1 mt1 ph1" aria-hidden="true">Pickup</span><span class="w_SrYk w_2ioM w_DNAl w_OAJ4 w_GNSW mr1 mt1 ph1" aria-hidden="true">Delivery tomorrow</span></div></div></div></div></div></div></div><div class="mb0 ph0-xl pt0-xl bb b--near-white w-25 pb3-m ph1"><div class="h-100 pr4-xl pb1-xl pv1 ph1" io-id="6000202808430" style="contain-intrinsic-size: 198px 340px;"><div role="group" data-item-id="6000202808430" class="sans-serif mid-gray relative flex flex-column w-100 hide-child-opacity"><a link-identifier="6000202808431" class="w-100 h-100 z-1 hide-sibling-opacity  absolute" target="" href="/en/ip/Cheetos-Puffs-Cheese-Flavoured-Snacks/6000202808431?selectedSellerId=0&amp;from=/search"><span class="w_q67L">Cheetos Puffs Cheese Flavoured Snacks, 260g </span></a><div class="" data-testid="list-view"><div class=""><div class=""><div class="h2 relative nowrap mb2"><span class="w_SrYk w_TBvN w_O_Dq tag-leading-badge absolute" style="color: rgb(155, 20, 25); box-shadow: rgb(155, 20, 25) 0px 0px 0px 1px inset;">Rollback</span></div><div class="relative"><div class="relative overflow-hidden" style="max-width: 290px; height: 0px; padding-bottom: min(290px, 100%); align-self: center; width: min(290px, 100%);"><span><button type="button" class="bg-white pointer pa0 black bn mt1 mr1 pa1 br4 absolute top-0 right-0 z-2" data-automation-id="heart-item" aria-label="Add to Favourites list, Cheetos Puffs Cheese Flavoured Snacks, 260g" style="width: 32px; height: 32px;"><i class="ld ld-Heart  " aria-hidden="true" style="font-size: 1.5rem; vertical-align: -0.25em; padding-top: 1px; width: 1.5rem; height: 1.5rem; box-sizing: content-box;"></i></button></span><img loading="lazy" srcset="https://i5.walmartimages.com/asr/de611069-bfcf-4a3a-88d1-0cc6e8afa202.9f25d35535e3e9556a82bc2d0e6e5a59.jpeg?odnHeight=290&amp;odnWidth=290&amp;odnBg=FFFFFF 1x, https://i5.walmartimages.com/asr/de611069-bfcf-4a3a-88d1-0cc6e8afa202.9f25d35535e3e9556a82bc2d0e6e5a59.jpeg?odnHeight=580&amp;odnWidth=580&amp;odnBg=FFFFFF 2x" src="https://i5.walmartimages.com/asr/de611069-bfcf-4a3a-88d1-0cc6e8afa202.9f25d35535e3e9556a82bc2d0e6e5a59.jpeg?odnHeight=580&amp;odnWidth=580&amp;odnBg=FFFFFF" id="is-0-productImage-42" width="" height="" class="absolute top-0 left-0" data-testid="productTileImage" alt="Cheetos Puffs Cheese Flavoured Snacks, 260g" style="height: 100%; left: 50%; top: 50%; transform: translate(-50%, -50%); object-fit: contain;"></div><div class="z-2 absolute bottom--1"><div class="relative dib" data-id="6000202808430"><button class="w_eEg0 w_OoNT w_4QgR pointer bn sans-serif b ph2 flex items-center justify-center w-auto shadow-1" type="button" data-pcss-hide="true" data-automation-id="add-to-cart" aria-label="Add to cart - Cheetos Puffs Cheese Flavoured Snacks, 260g"><i class="ld ld-Plus" title="add to cart" style="font-size: 1.5rem; vertical-align: -0.25em; width: 1.5rem; height: 1.5rem; box-sizing: content-box;"></i><span class="mr2">Add</span></button></div></div></div><div class="mt5 mb0" data-testid="variant-6000202808430" style="height: 24px;"></div></div><div class=""><div data-automation-id="product-price" class="flex flex-wrap justify-start items-center lh-title mb1"><div class="mr1 mr2-xl b black green lh-copy f5 f4-l" aria-hidden="true">Now $2.77</div><span class="w_q67L">current price Now $2.77</span><div class="gray mr1 strike f7 f6-l" aria-hidden="true">$4.27</div><span class="w_q67L">Was $4.27</span><div class="gray mr1 f7 f6-l">$1.07/100g</div></div><span class="w_q67L">You save $1.50</span><div class="flex items-center" aria-hidden="true" role="presentation" data-testid="dollar-saving"><span class="b"><span class="ph1 br1 f7 f6-m lh-copy-m mr1 bg-washed-green green" style="padding-top: 2px; padding-bottom: 2px;">You save</span><span class="lh-copy f7 f5-m green">$1.50</span></span></div><div class="mb1 mt2 b f6 black mr1 lh-copy">Cheetos</div><span class="w_vi_D" style="-webkit-line-clamp: 3; padding-bottom: 0em; margin-bottom: 0em;"><span data-automation-id="product-title" class="normal dark-gray mb0 mt1 lh-title f6 f5-l lh-copy">Cheetos Puffs Cheese Flavoured Snacks, 260g</span></span><div class="flex items-center mt2"><span class="black inline-flex mr1" data-testid="product-ratings" data-value="4.6221"><i class="ld ld-StarFill" aria-hidden="true" style="font-size: 12px; vertical-align: -0.175em; width: 12px; height: 12px; box-sizing: content-box;"></i><i class="ld ld-StarFill" aria-hidden="true" style="font-size: 12px; vertical-align: -0.175em; width: 12px; height: 12px; box-sizing: content-box;"></i><i class="ld ld-StarFill" aria-hidden="true" style="font-size: 12px; vertical-align: -0.175em; width: 12px; height: 12px; box-sizing: content-box;"></i><i class="ld ld-StarFill" aria-hidden="true" style="font-size: 12px; vertical-align: -0.175em; width: 12px; height: 12px; box-sizing: content-box;"></i><i class="ld ld-StarHalf" aria-hidden="true" style="font-size: 12px; vertical-align: -0.175em; width: 12px; height: 12px; box-sizing: content-box;"></i></span><span class="sans-serif gray f7" aria-hidden="true" data-testid="product-reviews" data-value="2244">2244</span><span class="w_q67L">4.6221 out of 5 stars. 2244 reviews</span></div><div class="flex items-center mv2"><div class="f7 mr1 blue b lh-copy">Free Delivery with</div><img loading="lazy" class="flex" src="//i5.walmartimages.com/dfw/3ccc2d91-49dd/k2-_2dc6530f-2ead-40b6-8ec8-fedc1c0c8978.v1.png" alt="Walmart Plus" height="20" width="auto"></div><div class="mb2 mt2"><span class="w_q67L">Available for Pickup or Delivery tomorrow</span><span class="w_SrYk w_2ioM w_DNAl w_OAJ4 w_GNSW mr1 mt1 ph1" aria-hidden="true">Pickup</span><span class="w_SrYk w_2ioM w_DNAl w_OAJ4 w_GNSW mr1 mt1 ph1" aria-hidden="true">Delivery tomorrow</span></div></div></div></div></div></div></div><div class="mb0 ph0-xl pt0-xl bb b--near-white w-25 pb3-m ph1"><div class="h-100 pr4-xl pb1-xl pv1 ph1" io-id="6000194056876" style="contain-intrinsic-size: 198px 340px;"><div role="group" data-item-id="6000194056876" class="sans-serif mid-gray relative flex flex-column w-100 hide-child-opacity"><a link-identifier="6000194056877" class="w-100 h-100 z-1 hide-sibling-opacity  absolute" target="" href="/en/ip/Old-Dutch-Humpty-Dumpty-Cheese-Sticks/6000194056877?selectedSellerId=0&amp;from=/search"><span class="w_q67L">Old Dutch Humpty Dumpty Cheese Sticks, 265 g </span></a><div class="" data-testid="list-view"><div class=""><div class=""><div class="h2 relative nowrap mb2"></div><div class="relative"><div class="relative overflow-hidden" style="max-width: 290px; height: 0px; padding-bottom: min(290px, 100%); align-self: center; width: min(290px, 100%);"><span><button type="button" class="bg-white pointer pa0 black bn mt1 mr1 pa1 br4 absolute top-0 right-0 z-2" data-automation-id="heart-item" aria-label="Add to Favourites list, Old Dutch Humpty Dumpty Cheese Sticks, 265 g" style="width: 32px; height: 32px;"><i class="ld ld-Heart  " aria-hidden="true" style="font-size: 1.5rem; vertical-align: -0.25em; padding-top: 1px; width: 1.5rem; height: 1.5rem; box-sizing: content-box;"></i></button></span><img loading="lazy" srcset="https://i5.walmartimages.com/asr/139e27e4-083c-4cb2-b241-2875728873fa.e379d68f3832fb004a9d725248cf0c8e.jpeg?odnHeight=290&amp;odnWidth=290&amp;odnBg=FFFFFF 1x, https://i5.walmartimages.com/asr/139e27e4-083c-4cb2-b241-2875728873fa.e379d68f3832fb004a9d725248cf0c8e.jpeg?odnHeight=580&amp;odnWidth=580&amp;odnBg=FFFFFF 2x" src="https://i5.walmartimages.com/asr/139e27e4-083c-4cb2-b241-2875728873fa.e379d68f3832fb004a9d725248cf0c8e.jpeg?odnHeight=580&amp;odnWidth=580&amp;odnBg=FFFFFF" id="is-0-productImage-43" width="" height="" class="absolute top-0 left-0" data-testid="productTileImage" alt="Old Dutch Humpty Dumpty Cheese Sticks, 265 g" style="height: 100%; left: 50%; top: 50%; transform: translate(-50%, -50%); object-fit: contain;"></div><div class="z-2 absolute bottom--1"><div class="relative dib" data-id="6000194056876"><button class="w_eEg0 w_OoNT w_4QgR pointer bn sans-serif b ph2 flex items-center justify-center w-auto shadow-1" type="button" data-pcss-hide="true" data-automation-id="add-to-cart" aria-label="Add to cart - Old Dutch Humpty Dumpty Cheese Sticks, 265 g"><i class="ld ld-Plus" title="add to cart" style="font-size: 1.5rem; vertical-align: -0.25em; width: 1.5rem; height: 1.5rem; box-sizing: content-box;"></i><span class="mr2">Add</span></button></div></div></div><div class="mt5 mb0" data-testid="variant-6000194056876" style="height: 24px;"></div></div><div class=""><div data-automation-id="product-price" class="flex flex-wrap justify-start items-center lh-title mb1"><div class="mr1 mr2-xl b black lh-copy f5 f4-l" aria-hidden="true">$3.97</div><span class="w_q67L">current price $3.97</span><div class="gray mr1 f7 f6-l">$1.50/100g</div></div><div class="mb1 mt2 b f6 black mr1 lh-copy">Old Dutch</div><span class="w_vi_D" style="-webkit-line-clamp: 3; padding-bottom: 0em; margin-bottom: 0em;"><span data-automation-id="product-title" class="normal dark-gray mb0 mt1 lh-title f6 f5-l lh-copy">Old Dutch Humpty Dumpty Cheese Sticks, 265 g</span></span><div class="flex items-center mt2"><span class="black inline-flex mr1" data-testid="product-ratings" data-value="4.531"><i class="ld ld-StarFill" aria-hidden="true" style="font-size: 12px; vertical-align: -0.175em; width: 12px; height: 12px; box-sizing: content-box;"></i><i class="ld ld-StarFill" aria-hidden="true" style="font-size: 12px; vertical-align: -0.175em; width: 12px; height: 12px; box-sizing: content-box;"></i><i class="ld ld-StarFill" aria-hidden="true" style="font-size: 12px; vertical-align: -0.175em; width: 12px; height: 12px; box-sizing: content-box;"></i><i class="ld ld-StarFill" aria-hidden="true" style="font-size: 12px; vertical-align: -0.175em; width: 12px; height: 12px; box-sizing: content-box;"></i><i class="ld ld-StarHalf" aria-hidden="true" style="font-size: 12px; vertical-align: -0.175em; width: 12px; height: 12px; box-sizing: content-box;"></i></span><span class="sans-serif gray f7" aria-hidden="true" data-testid="product-reviews" data-value="113">113</span><span class="w_q67L">4.531 out of 5 stars. 113 reviews</span></div><div class="flex items-center mv2"><div class="f7 mr1 blue b lh-copy">Free Delivery with</div><img loading="lazy" class="flex" src="//i5.walmartimages.com/dfw/3ccc2d91-49dd/k2-_2dc6530f-2ead-40b6-8ec8-fedc1c0c8978.v1.png" alt="Walmart Plus" height="20" width="auto"></div><div class="mb2 mt2"><span class="w_q67L">Available for Pickup or Delivery tomorrow</span><span class="w_SrYk w_2ioM w_DNAl w_OAJ4 w_GNSW mr1 mt1 ph1" aria-hidden="true">Pickup</span><span class="w_SrYk w_2ioM w_DNAl w_OAJ4 w_GNSW mr1 mt1 ph1" aria-hidden="true">Delivery tomorrow</span></div></div></div></div></div></div></div><div class="mb0 ph0-xl pt0-xl w-25 pb3-m ph1"><div class="h-100 pr4-xl pb1-xl pv1 ph1" io-id="6000207483890" style="contain-intrinsic-size: 198px 340px;"><div role="group" data-item-id="6000207483890" class="sans-serif mid-gray relative flex flex-column w-100 hide-child-opacity"><a link-identifier="6000207483891" class="w-100 h-100 z-1 hide-sibling-opacity  absolute" target="" href="/en/ip/great-value-extrme-creamy-garlic-dill-flavoured-potato-chips/6000207483891?selectedSellerId=0&amp;from=/search"><span class="w_q67L">Great Value Extrême Creamy Garlic &amp; Dill Flavoured Potato Chips, 56 g </span></a><div class="" data-testid="list-view"><div class=""><div class=""><div class="h2 relative nowrap mb2"></div><div class="relative"><div class="relative overflow-hidden" style="max-width: 290px; height: 0px; padding-bottom: min(290px, 100%); align-self: center; width: min(290px, 100%);"><span><button type="button" class="bg-white pointer pa0 black bn mt1 mr1 pa1 br4 absolute top-0 right-0 z-2" data-automation-id="heart-item" aria-label="Add to Favourites list, Great Value Extrême Creamy Garlic &amp; Dill Flavoured Potato Chips, 56 g" style="width: 32px; height: 32px;"><i class="ld ld-Heart  " aria-hidden="true" style="font-size: 1.5rem; vertical-align: -0.25em; padding-top: 1px; width: 1.5rem; height: 1.5rem; box-sizing: content-box;"></i></button></span><img loading="lazy" srcset="https://i5.walmartimages.ca/images/Large/843/869/6000207843869.jpg?odnHeight=290&amp;odnWidth=290&amp;odnBg=FFFFFF 1x, https://i5.walmartimages.ca/images/Large/843/869/6000207843869.jpg?odnHeight=580&amp;odnWidth=580&amp;odnBg=FFFFFF 2x" src="https://i5.walmartimages.ca/images/Large/843/869/6000207843869.jpg?odnHeight=580&amp;odnWidth=580&amp;odnBg=FFFFFF" id="is-0-productImage-44" width="" height="" class="absolute top-0 left-0" data-testid="productTileImage" alt="Great Value Extrême Creamy Garlic &amp; Dill Flavoured Potato Chips, 56 g" style="height: 100%; left: 50%; top: 50%; transform: translate(-50%, -50%); object-fit: contain;"></div><div class="z-2 absolute bottom--1"><div class="relative dib" data-id="6000207483890"><button class="w_eEg0 w_OoNT w_4QgR pointer bn sans-serif b ph2 flex items-center justify-center w-auto shadow-1" type="button" data-pcss-hide="true" data-automation-id="add-to-cart" aria-label="Add to cart - Great Value Extrême Creamy Garlic &amp; Dill Flavoured Potato Chips, 56 g"><i class="ld ld-Plus" title="add to cart" style="font-size: 1.5rem; vertical-align: -0.25em; width: 1.5rem; height: 1.5rem; box-sizing: content-box;"></i><span class="mr2">Add</span></button></div></div></div><div class="mt5 mb0" data-testid="variant-6000207483890" style="height: 24px;"></div></div><div class=""><div data-automation-id="product-price" class="flex flex-wrap justify-start items-center lh-title mb1"><div class="mr1 mr2-xl b black lh-copy f5 f4-l" aria-hidden="true">97¢</div><span class="w_q67L">current price 97¢</span><div class="gray mr1 f7 f6-l">$1.73/100g</div></div><div class="mb1 mt2 b f6 black mr1 lh-copy">Great Value</div><span class="w_vi_D" style="-webkit-line-clamp: 3; padding-bottom: 0em; margin-bottom: 0em;"><span data-automation-id="product-title" class="normal dark-gray mb0 mt1 lh-title f6 f5-l lh-copy">Great Value Extrême Creamy Garlic &amp; Dill Flavoured Potato Chips, 56 g</span></span><div class="flex items-center mt2"><span class="black inline-flex mr1" data-testid="product-ratings" data-value="4.0571"><i class="ld ld-StarFill" aria-hidden="true" style="font-size: 12px; vertical-align: -0.175em; width: 12px; height: 12px; box-sizing: content-box;"></i><i class="ld ld-StarFill" aria-hidden="true" style="font-size: 12px; vertical-align: -0.175em; width: 12px; height: 12px; box-sizing: content-box;"></i><i class="ld ld-StarFill" aria-hidden="true" style="font-size: 12px; vertical-align: -0.175em; width: 12px; height: 12px; box-sizing: content-box;"></i><i class="ld ld-StarFill" aria-hidden="true" style="font-size: 12px; vertical-align: -0.175em; width: 12px; height: 12px; box-sizing: content-box;"></i><i class="ld ld-Star" aria-hidden="true" style="font-size: 12px; vertical-align: -0.175em; width: 12px; height: 12px; box-sizing: content-box;"></i></span><span class="sans-serif gray f7" aria-hidden="true" data-testid="product-reviews" data-value="35">35</span><span class="w_q67L">4.0571 out of 5 stars. 35 reviews</span></div><div class="flex items-center mv2"><div class="f7 mr1 blue b lh-copy">Free Delivery with</div><img loading="lazy" class="flex" src="//i5.walmartimages.com/dfw/3ccc2d91-49dd/k2-_2dc6530f-2ead-40b6-8ec8-fedc1c0c8978.v1.png" alt="Walmart Plus" height="20" width="auto"></div><div class="mb2 mt2"><span class="w_q67L">Available for Pickup or Delivery tomorrow</span><span class="w_SrYk w_2ioM w_DNAl w_OAJ4 w_GNSW mr1 mt1 ph1" aria-hidden="true">Pickup</span><span class="w_SrYk w_2ioM w_DNAl w_OAJ4 w_GNSW mr1 mt1 ph1" aria-hidden="true">Delivery tomorrow</span></div></div></div></div></div></div></div><div class="mb0 ph0-xl pt0-xl w-25 pb3-m ph1"><div class="h-100 pr4-xl pb1-xl pv1 ph1" io-id="6000202808451" style="contain-intrinsic-size: 198px 340px;"><div role="group" data-item-id="6000202808451" class="sans-serif mid-gray relative flex flex-column w-100 hide-child-opacity"><a link-identifier="6000202808452" class="w-100 h-100 z-1 hide-sibling-opacity  absolute" target="" href="/en/ip/Doritos-Nacho-Cheese-flavoured-tortilla-chips/6000202808452?selectedSellerId=0&amp;from=/search"><span class="w_q67L">Doritos Nacho Cheese flavoured tortilla chips, 235g </span></a><div class="" data-testid="list-view"><div class=""><div class=""><div class="h2 relative nowrap mb2"><span class="w_SrYk w_2ioM w_O_Dq w_OAJ4 tag-leading-badge absolute">Save now</span></div><div class="relative"><div class="relative overflow-hidden" style="max-width: 290px; height: 0px; padding-bottom: min(290px, 100%); align-self: center; width: min(290px, 100%);"><span><button type="button" class="bg-white pointer pa0 black bn mt1 mr1 pa1 br4 absolute top-0 right-0 z-2" data-automation-id="heart-item" aria-label="Add to Favourites list, Doritos Nacho Cheese flavoured tortilla chips, 235g" style="width: 32px; height: 32px;"><i class="ld ld-Heart  " aria-hidden="true" style="font-size: 1.5rem; vertical-align: -0.25em; padding-top: 1px; width: 1.5rem; height: 1.5rem; box-sizing: content-box;"></i></button></span><img loading="lazy" srcset="https://i5.walmartimages.com/asr/0a9280b7-9817-49d4-bd15-3465e0e17dea.e3eaac5e1dc9c951255573be8e46bc55.jpeg?odnHeight=290&amp;odnWidth=290&amp;odnBg=FFFFFF 1x, https://i5.walmartimages.com/asr/0a9280b7-9817-49d4-bd15-3465e0e17dea.e3eaac5e1dc9c951255573be8e46bc55.jpeg?odnHeight=580&amp;odnWidth=580&amp;odnBg=FFFFFF 2x" src="https://i5.walmartimages.com/asr/0a9280b7-9817-49d4-bd15-3465e0e17dea.e3eaac5e1dc9c951255573be8e46bc55.jpeg?odnHeight=580&amp;odnWidth=580&amp;odnBg=FFFFFF" id="is-0-productImage-45" width="" height="" class="absolute top-0 left-0" data-testid="productTileImage" alt="Doritos Nacho Cheese flavoured tortilla chips, 235g" style="height: 100%; left: 50%; top: 50%; transform: translate(-50%, -50%); object-fit: contain;"></div><div class="z-2 absolute bottom--1"><div class="relative dib" data-id="6000202808451"><button class="w_eEg0 w_OoNT w_4QgR pointer bn sans-serif b ph2 flex items-center justify-center w-auto shadow-1" type="button" data-pcss-hide="true" data-automation-id="add-to-cart" aria-label="Add to cart - Doritos Nacho Cheese flavoured tortilla chips, 235g"><i class="ld ld-Plus" title="add to cart" style="font-size: 1.5rem; vertical-align: -0.25em; width: 1.5rem; height: 1.5rem; box-sizing: content-box;"></i><span class="mr2">Add</span></button></div></div></div><div class="mt5 mb0" data-testid="variant-6000202808451" style="height: 24px;"></div></div><div class=""><div data-automation-id="product-price" class="flex flex-wrap justify-start items-center lh-title mb1"><div class="mr1 mr2-xl b black green lh-copy f5 f4-l" aria-hidden="true">Now $2.97</div><span class="w_q67L">current price Now $2.97</span><div class="gray mr1 strike f7 f6-l" aria-hidden="true">$4.27</div><span class="w_q67L">Was $4.27</span><div class="gray mr1 f7 f6-l">$1.26/100g</div></div><span class="w_q67L">You save $1.30</span><div class="flex items-center" aria-hidden="true" role="presentation" data-testid="dollar-saving"><span class="b"><span class="ph1 br1 f7 f6-m lh-copy-m mr1 bg-washed-green green" style="padding-top: 2px; padding-bottom: 2px;">You save</span><span class="lh-copy f7 f5-m green">$1.30</span></span></div><div class="mb1 mt2 b f6 black mr1 lh-copy">Doritos</div><span class="w_vi_D" style="-webkit-line-clamp: 3; padding-bottom: 0em; margin-bottom: 0em;"><span data-automation-id="product-title" class="normal dark-gray mb0 mt1 lh-title f6 f5-l lh-copy">Doritos Nacho Cheese flavoured tortilla chips, 235g</span></span><div class="flex items-center mt2"><span class="black inline-flex mr1" data-testid="product-ratings" data-value="4.1621"><i class="ld ld-StarFill" aria-hidden="true" style="font-size: 12px; vertical-align: -0.175em; width: 12px; height: 12px; box-sizing: content-box;"></i><i class="ld ld-StarFill" aria-hidden="true" style="font-size: 12px; vertical-align: -0.175em; width: 12px; height: 12px; box-sizing: content-box;"></i><i class="ld ld-StarFill" aria-hidden="true" style="font-size: 12px; vertical-align: -0.175em; width: 12px; height: 12px; box-sizing: content-box;"></i><i class="ld ld-StarFill" aria-hidden="true" style="font-size: 12px; vertical-align: -0.175em; width: 12px; height: 12px; box-sizing: content-box;"></i><i class="ld ld-Star" aria-hidden="true" style="font-size: 12px; vertical-align: -0.175em; width: 12px; height: 12px; box-sizing: content-box;"></i></span><span class="sans-serif gray f7" aria-hidden="true" data-testid="product-reviews" data-value="2720">2720</span><span class="w_q67L">4.1621 out of 5 stars. 2720 reviews</span></div><div class="flex items-center mv2"><div class="f7 mr1 blue b lh-copy">Free Delivery with</div><img loading="lazy" class="flex" src="//i5.walmartimages.com/dfw/3ccc2d91-49dd/k2-_2dc6530f-2ead-40b6-8ec8-fedc1c0c8978.v1.png" alt="Walmart Plus" height="20" width="auto"></div><div class="mb2 mt2"><span class="w_q67L">Available for Pickup or Delivery tomorrow</span><span class="w_SrYk w_2ioM w_DNAl w_OAJ4 w_GNSW mr1 mt1 ph1" aria-hidden="true">Pickup</span><span class="w_SrYk w_2ioM w_DNAl w_OAJ4 w_GNSW mr1 mt1 ph1" aria-hidden="true">Delivery tomorrow</span></div></div></div></div></div></div><div class="bb b--near-white w-100 absolute mt3" style="left: 1.5rem;"></div></div></div>